3609 5817
369 741 423 824 52
516 745 520 767 ¹
690 733 779 821 Lm
811 733 844 822 Ι.
882 731 983 826 Car.
1012 732 1140 825 Xlll.

323 986 351 1025 ι.
366 977 481 1020 manac
507 951 668 1047 insignes,
704 952 819 1047 primo
843 952 980 1022 honoris
1013 950 1087 1021 loco
1112 953 1363 1049 Rishyasringae
1389 956 1489 1023 cou·'

368 1101 476 1158 cesso,
501 1099 574 1144 rem
599 1074 743 1144 divinam
769 1076 928 1145 curabant
945 1076 981 1143 in
1000 1077 1278 1171 praestantissimo
1300 1078 1365 1145 hoc
1384 1078 1466 1172 regis

324 1212 353 1272 3.
366 1201 566 1295 magnanimi
580 1200 753 1301 sacrificio.
778 1199 994 1270 voluminum
1013 1198 1199 1272 divinorum
1214 1201 1314 1297 periti
1329 1203 1465 1271 sacrifici

323 1331 352 1410 4.
366 1328 401 1393 ἰιι
418 1327 634 1394 caeremoniis
659 1327 722 1393 rite
748 1321 933 1393 secundum
956 1343 1135 1420 praecepta
1154 1324 1350 1417 procedere.
1390 1326 1467 1421 lgus

365 1474 462 1516 sacro
480 1472 621 1516 accenso
636 1467 669 1516 et
685 1466 876 1516 reverenter
900 1448 1048 1531 salutato,
1074 1470 1208 1517 onmem
1230 1448 1331 1515 ritum
1356 1451 1467 1543 expic-

322 1573 487 1641 storiam
504 1596 567 1664 pro
591 1574 786 1638 mactatione
809 1569 998 1638 animalium
1024 1592 1227 1666 peregerunt
1247 1565 1291 1653 3).
1339 1570 1468 1640 Deinde

364 1695 400 1763 hi
425 1714 532 1776 vates,
557 1718 657 1762 succo
683 1692 879 1787 asclepiadis
904 1692 1018 1761 acidae
1044 1694 1161 1761 extrito
1182 1689 1234 1781 4),
1262 1694 1339 1763 laeti
1356 1720 1392 1762 se
1413 1671 1479 1774 stc-¹¹

365 1821 539 1885 cinxerunt
572 1815 615 1882 ad
649 1818 871 1883 caeremonias
909 1816 1154 1910 perficiendas,
1191 1843 1331 1913 quarum
1361 1820 1468 1912 prima

319 1952 350 2015 6,
364 1959 434 2009 crat
456 1940 605 2009 lustratio
630 1943 803 2027 matutina,
828 1966 932 2035 porro
949 1940 1068 2010 lndrae
1085 1941 1244 2010 destinata
1264 1942 1375 2036 portio
1395 1939 1468 2008 dsta

363 2086 435 2150 est,
466 2084 499 2135 et
524 2082 654 2133 sanctus
678 2063 917 2133 rex,laudibus
944 2064 1127 2132 celebratus
1140 2116 1150 2146 ,
1178 2063 1361 2131 meridiana
1384 2086 1467 2158 quo·

320 2211 349 2272 7·
364 2216 430 2284 que
455 2190 605 2257 lustratio
631 2190 715 2255 iusto
744 2205 895 2279 ternpore
920 2186 1021 2271 sacta,
1056 2187 1202 2281 denique
1228 2189 1357 2254 tertiam
1380 2188 1482 2281 regis¹

362 2314 562 2406 magnanimi
588 2310 816 2378 lustrationem
833 2308 985 2376 fecerunt
1003 2310 1128 2402 pariter
1142 2311 1382 2378 Brachmannm
1398 2307 1470 2401 prt-

318 2433 347 2495 8.
362 2456 489 2515 mores,
513 2433 702 2525 praeceptis
728 2429 883 2524 religiose
908 2431 1096 2498 observatis.
1145 2432 1391 2526 Rishyassingas
1414 2456 1468 2499 ce·

362 2556 493 2648 serique
512 2553 683 2647 Superos,
716 2556 803 2620 inter
828 2576 913 2646 qnos
937 2577 1101 2620 summum
1126 2550 1237 2623 locum
1263 2555 1391 2624 obtinet
1411 2556 1466 2623 ln·

484 2836 635 2918 temporis
667 2835 875 2913 mentionem,
912 2844 944 2898 ct
969 2834 1127 2901 substituit
1153 2836 1234 2901 bane
1266 2840 1464 2904 sententiam:

481 2935 573 3018 Equo
604 2948 673 3017 pose
698 2936 801 2995 orbem
829 2937 1130 2999 cercennambulatum
1156 2938 1268 3001 reduce
1293 2946 1374 3014 etc.·
1405 2962 1465 3023 qua

479 3033 652 3095 mutatione
669 3055 703 3094 re
722 3054 797 3094 vera
817 3033 892 3095 nibil
911 3037 1092 3120 corrigitur.

399 3148 436 3225 3)
456 3151 560 3229 Quum
591 3150 778 3211 sacrificium
808 3151 956 3233 equinum
986 3152 1048 3213 iarn
1078 3153 1182 3214 olim
1172 3175 1203 3215 ιιι
1233 3098 1466 3260 dostffidb

479 3250 610 3327 abierit,
630 3249 713 3310 baud
730 3270 802 3310 sane
820 3250 935 3311 mirum
952 3262 1012 3329 est,
1033 3260 1223 3314 commentat
1295 3253 1467 3456 1813

475 3341 648 3427 θρησκείας
669 3348 787 3428 μυρίας
806 3369 878 3410 cum
898 3369 937 3411 eo
959 3351 1154 3428 coniunctus,
1176 3373 1285 3436 qnae

477 3458 598 3509 rantur.
641 3448 700 3509 Vir
725 3448 894 3533 quicquam
916 3450 1091 3511 nominibus
1113 3451 1259 3515 obsoletis
1279 3451 1479 3536 Quod„

479 3546 535 3607 nisi
561 3546 637 3607 boc:
672 3548 838 3629 significari
870 3550 1094 3612 caeremoniam
1114 3549 1246 3632 aliquam
1265 3548 1463 3633 peculiarem.

479 3649 587 3728 ltaque
605 3646 680 3706 nihil
703 3657 884 3728 supererat,
907 3670 1000 3730 quam
1016 3658 1050 3709 nt
1073 3650 1225 3712 vocabula
1237 3645 1393 3714 sument·
1408 3649 1466 3728 a*

477 3746 735 3819 transcriberem,
759 3757 813 3808 aut
833 3747 1019 3824 divinando,
1041 3750 1248 3833 etymologiae
1260 3770 1337 3833 ope,
1362 3749 1469 3834 expli,

476 3864 591 3904 carcm.
621 3842 763 3903 Certiora
776 3854 848 3905 sunt
865 3847 1065 3926 exspectando
1085 3850 1278 3911 eVedorum
1298 3847 1462 3934 capitibus,

477 3944 588 4025 quibus
609 3942 690 4003 sacri
711 3942 803 4005 buius
822 3956 991 4027 praecepta
1013 3947 1202 4025 truduntur,
1233 3971 1258 4012 ιι
1249 3947 1438 4032 ''quando
1428 3897 1510 4012 itt!

477 4043 575 4103 lucem
591 4065 626 4105 ca
642 4042 830 4124 prodierint.
860 4046 950 4106 Tunc
971 4047 1063 4107 ctiam
1081 4069 1151 4109 cum
1166 4051 1270 4111 sructu
1286 4049 1465 4134 d'ucqttsro
1483 3991 1510 4196 ³

475 4139 582 4201 licebit
601 4142 753 4203 inlinitum
771 4165 870 4224 paene
890 4145 1028 4207 lectionis
1050 4150 1248 4222 varietatem
1274 4169 1367 4232 qum
1388 4147 1509 4246 ςΙΪ

476 4237 563 4314 dem,
587 4240 794 4323 ubicunque
786 4265 816 4302 ιιι
843 4242 981 4305 dictione
1002 4246 1155 4325 subsistit,
1179 4248 1272 4310 rebus
1292 4247 1370 4312 ntlril
1389 4271 1461 4312 mn·
1492 4221 1509 4340 i

474 4337 563 4411 tatis,
585 4336 667 4401 haud
686 4362 875 4426 magnopere
892 4363 992 4405 curo.
1016 4343 1067 4406 bic
1089 4368 1165 4409 vero
1186 4347 1224 4409 de
1245 4347 1488 4432 antiqnmtm'u,
1491 4333 1509 4378 ⁴

474 4436 698 4500 Braclununum
721 4441 921 4525 religionibus
943 4445 1056 4526 agitur.

394 4546 430 4627 4)
452 4553 592 4635 Expressi
608 4557 772 4620 lectionem
787 4558 941 4619 veriorem
957 4561 1133 4641 ubln'sluuya
1148 4562 1232 4649 *illius
1253 4562 1343 4640 loco,
1366 4521 1465 4646 qums

476 4652 582 4714 ecod.
601 4655 638 4718 Α.
659 4677 848 4737 receperam.
892 4659 940 4725 cf.
961 4662 1060 4721 Wrss.
1080 4672 1112 4723 et
1131 4662 1275 4729 llsuoar.
1295 4663 1372 4731 Lex.
1389 4687 1412 4729 s.
1431 4686 1459 4731 v.

475 4751 641 4814 abbiritano
662 4764 694 4815 ct
712 4756 887 4819 ablutura:
