3609 5817
365 742 693 831 ansosennos
706 737 907 829 Soranos
925 764 1092 829 seorsus
1105 761 1320 832 mmosus.
1346 742 1434 828 928

322 958 414 1025 Patri
442 975 551 1023 autem
586 981 678 1038 meo,
711 958 771 1049 qui
805 956 1020 1024 sanctimonia
1053 956 1120 1022 vim
1151 953 1339 1023 mirabilem
1370 953 1496 1024 sibiet.

323 1080 521 1173 quaesierat,
546 1104 660 1146 arcum
678 1076 888 1161 custodienti,
912 1079 1064 1163 Arianos,
1090 1076 1133 1145 ad
1157 1079 1324 1147 abiectum
1351 1100 1434 1146 con·

324 1201 436 1269 silium
459 1223 654 1282 conversus,
689 1225 808 1269 necem
830 1224 871 1268 ex
895 1199 1026 1269 insidiis
1047 1202 1173 1270 struxit.
1232 1202 1305 1284 Qua
1330 1197 1495 1281 eaedeai.

324 1322 494 1391 horrenda
515 1348 553 1391 ae
575 1323 699 1390 nefaria
720 1329 824 1417 patris
849 1341 1135 1456 comparemfflo
1160 1350 1241 1420 prae
1265 1328 1316 1394 ira
1339 1323 1435 1394 ordi-

324 1472 403 1515 nem
424 1448 601 1515 militarem
627 1446 777 1514 cladibus
802 1448 931 1515 afficere
958 1447 1068 1541 coepi,
1094 1450 1224 1543 quoties
1249 1430 1332 1517 nova
1353 1469 1435 1541 pro·

325 1572 438 1662 genios
464 1570 736 1655 subnascerotur3
761 1569 956 1663 domitoque
982 1571 1066 1638 orbe
1089 1573 1257 1653 universo,
1282 1571 1496 1666 Casyapoai.

325 1695 534 1784 magnanimo
566 1693 686 1759 sanctis
719 1694 878 1787 operibus
912 1691 1002 1761 claro
1035 1694 1071 1759 in
1100 1692 1167 1761 fine
1192 1694 1346 1761 sacrificii
1369 1717 1434 1788 pro

323 1813 481 1881 mercede
513 1813 711 1882 sacerdotali
741 1817 812 1883 eius
841 1816 1023 1909 imperium
1055 1814 1189 1883 tradidi.
1239 1813 1374 1883 Deinde
1399 1817 1497 1887 inab.

324 1936 513 2006 illalrdndro
535 1938 697 2019 habitans,
723 1938 990 2005 castimoniarum
1009 1940 1128 2005 virtute
1153 1938 1268 2020 ἰτείης,
1292 1940 1434 2032 perstiti,

326 2059 502 2129 commode
536 2059 753 2154 religionibus
780 2061 926 2128 intentus
953 2062 989 2128 in
1007 2078 1121 2127 monte
1141 2058 1205 2127 isto
1229 2084 1249 2126 a
1269 2061 1344 2128 Diis
1368 2058 1435 2128 ire-

326 2203 494 2278 quentato.
555 2185 602 2252 Ut
634 2207 712 2253 vero
744 2184 895 2278 comperi
920 2207 939 2250 e
966 2183 1175 2250 sermonibus
1206 2180 1375 2252 Coclitum
1399 2185 1495 2275 insp.

326 2307 406 2375 sade
426 2310 571 2375 aetheria
592 2310 816 2391 attonitorum,
836 2331 950 2375 arcum
969 2331 1041 2375 esse
1056 2306 1256 2389 diffraotnm,
1280 2305 1435 2375 celeriter

326 2454 388 2523 rgo
409 2430 475 2497 hue
501 2430 663 2500 advolavi.
723 2431 821 2498 llune
846 2427 990 2496 eundem
1016 2428 1166 2497 Visbntls
1194 2451 1310 2496 areum
1334 2440 1494 2524 prae-20,

325 2554 576 2634 molissimum,
611 2555 670 2647 qui
695 2555 799 2647 patris
824 2554 892 2620 mei
917 2554 1035 2647 avique
1060 2552 1220 2645 proprius
1245 2550 1323 2631 suit,
1355 2574 1435 2643 pre-

327 2672 437 2741 bende
462 2693 515 2756 tu,
548 2677 660 2769 stirpis
686 2674 827 2742 bellicae
851 2698 980 2742 morem
1005 2674 1243 2742 aemnlatnrus:
1276 2671 1320 2740 ad
1343 2674 1495 2770 hunesp.

326 2796 464 2864 intende
495 2801 643 2891 sagittam
678 2798 848 2866 hostilium
878 2798 1011 2864 urbium
1041 2799 1221 2865 victricem.
1277 2794 1377 2882 Quod
1408 2798 1437 2865 si

327 2918 492 3008 perficere
519 2936 630 3010 potes,
657 2919 891 3005 Caeutsthide,
924 2939 1004 2990 tune
1028 2921 1091 2990 tibi
1115 2921 1303 2991 emuniuis
1324 2921 1439 3014 singu-

326 3039 402 3106 laris
426 3040 653 3110 conditionem
678 3041 835 3134 largibor.

723 3464 872 3531 curor
899 3462 1049 3530 nxxvs

371 3658 696 3747 lausoaaneros
728 3655 930 3747 Sureaou
963 3683 1131 3747 seotoos
1164 3684 1380 3751 ramosus.

428 3900 470 3961 At
510 3893 620 3961 andiu
652 3893 875 3988 Jamsdagneii
918 3896 1152 3990 provocatione
1188 3893 1432 3979 Dasaratlaides,
1445 3912 1470 3957 ¹·

328 4020 430 4108 patris
460 4021 642 4084 reverentia
666 4019 825 4085 cohibens
851 4020 1028 4087 eet-bornus
1054 4016 1279 4099 insolentiam,
1312 4018 1431 4085 llimse

327 4138 409 4201 haee
434 4142 571 4229 regerit:
603 4137 738 4204 Dudum
772 4142 939 4233 comperi,
970 4140 1169 4234 Bhriguide,
1200 4139 1371 4236 quoduam
1396 4153 1471 4208 toi·

327 4257 453 4325 sueinus
475 4260 554 4326 olirn
579 4264 765 4355 patraveris.
815 4262 1052 4331 Condonatnns
1079 4266 1139 4332 tibi
1164 4264 1270 4344 istud,
1307 4264 1433 4333 Brucla·

325 4405 439 4459 mana,
466 4403 579 4476 utpote
604 4388 690 4478 patri
716 4404 772 4453 tuo
791 4385 942 4453 debitam
967 4383 1095 4451 solvere
1120 4390 1289 4455 annitenti.
1340 4386 1471 4456 Cos-3.

327 4509 445 4573 temnis
473 4511 557 4574 tiras
582 4535 687 4590 meas,
718 4509 915 4601 illu-ignitio,
940 4510 1034 4603 quasi
1060 4512 1177 4576 tit-tuto
1202 4508 1310 4577 sorem
1329 4509 1432 4581 ‹leati-

326 4647 431 4708 tutus,
465 4651 563 4724 atque
593 4633 702 4727 impar
728 4636 858 4700 muneri
884 4634 1026 4699 hominis
1051 4632 1201 4699 militaris
1224 4634 1429 4708 sustinendo

327 4752 436 4820 llodie
462 4754 689 4824 fortitudinem
713 4780 821 4824 ineam
846 4758 1030 4851 experiere.
1069 4755 1117 4825 its
1141 4754 1270 4827 locutas
1286 4754 1468 4850 habui-i·
