3609 5817
548 748 785 840 Crusinie
815 771 1088 838 tantumno.
1282 756 1366 839 307

261 974 320 1039 liet
346 988 378 1037 te
414 965 547 1047 exsule,
576 992 652 1035 care
681 965 799 1059 puer?
832 969 925 1034 Mors
953 989 1008 1030 me
1036 964 1216 1032 certissima
1248 980 1369 1030 monet.

260 1095 382 1161 Marito
404 1116 574 1184 uunquam
599 1107 738 1182 accepts
758 1086 841 1156 ultra
864 1087 1002 1154 modum
1027 1106 1225 1155 contemnor
1245 1115 1263 1154 a
1284 1089 1370 1155 Cae·
1383 1085 1431 1164 do.

262 1217 367 1285 ce'r'dis
403 1217 578 1295 comitatu,
610 1238 671 1306 por
703 1214 733 1279 ei
765 1211 956 1291 nobilitate,
987 1214 1055 1280 sive
1082 1212 1235 1304 superior
1260 1212 1368 1278 etism.

261 1345 460 1434 Quicunque
485 1365 538 1405 me
563 1337 677 1406 colunt
701 1357 757 1405 aut
780 1356 1031 1431 prosequuntur
1062 1333 1308 1414 tantummodo,
1333 1328 1432 1408 hili·

262 1465 415 1529 homines
440 1484 509 1527 non
538 1457 678 1553 amplius
712 1484 767 1525 me
793 1456 1013 1551 alloquemur.
1064 1460 1174 1541 Quum
1199 1458 1259 1522 iso
1285 1460 1433 1537 sem-da.

263 1613 327 1680 per
353 1583 395 1649 ad
421 1582 626 1650 iracundiam
651 1584 694 1649 sit
717 1607 841 1674 prona,
873 1578 1043 1673 quomodo
1071 1580 1207 1649 tandem
1233 1606 1296 1675 ego
1322 1582 1373 1646 iu-

263 1707 352 1785 lelix,
373 1706 419 1770 mi
440 1703 488 1769 sili
501 1755 511 1785 ,
546 1704 697 1795 aspicere
725 1720 845 1794 potero
871 1726 907 1768 os
931 1700 1105 1769 Caecel'dis
1130 1706 1257 1798 asperis
1282 1704 1373 1770 voci-

264 1832 327 1895 bus
356 1827 551 1896 dissonum?
584 1826 824 1919 septendecim
857 1852 960 1893 anuos
983 1822 1014 1917 3)
1047 1854 1088 1896 ex
1116 1849 1240 1924 quote
1267 1827 1434 1919 gene-di.

264 1954 343 2030 ravi,
369 1947 552 2044 Raghuide,
579 1946 649 2013 sedi
669 1947 764 2012 anxie
791 1966 985 2041 exspectaus
1003 1949 1164 2017 malorum
1184 1952 1372 2019 terminum.

266 2074 362 2138 llunc
389 2072 552 2136 infinitum
578 2070 804 2162 gravissimum
837 2068 990 2134 dolorem
1013 2093 1080 2137 uon
1107 2077 1194 2165 potis
1221 2098 1292 2140 sum
1315 2073 1373 2140 diu
1385 2072 1434 2154 44.

264 2196 420 2276 tolerare,
446 2212 673 2286 contemptum
700 2192 863 2274 rivalium,
889 2193 977 2261 ultro
1003 2198 1067 2262 iam
1092 2203 1184 2267 senio
1212 2199 1372 2267 conlecta.

265 2321 391 2385 Privata
418 2336 554 2411 aspectu
580 2318 647 2383 oris
675 2318 739 2396 tui,
766 2314 885 2407 plenae
911 2314 1011 2382 lunae
1039 2318 1256 2411 splendorem
1283 2321 1436 2407 rese-⁴5.

265 2445 413 2523 seremis,
441 2444 560 2507 misera
589 2438 759 2533 quomodo
789 2441 960 2507 sustinebo
986 2442 1186 2509 miserorum
1203 2445 1299 2511 vitam
1316 2443 1376 2509 de-

265 2564 369 2656 gere?
395 2566 449 2629 Tu
471 2591 489 2629 u
515 2590 567 2629 me
594 2562 716 2629 infelici
742 2562 872 2628 ieiuniis
898 2561 1265 2658 supplicationibusque
1290 2564 1437 2651 mul-46.

267 2692 376 2781 risque
401 2685 571 2755 laboribus
593 2711 692 2778 aegre
723 2685 881 2752 educatus
910 2712 956 2764 cs,
983 2713 1068 2779 quoe
1094 2711 1184 2753 nuno
1209 2691 1317 2756 omnia
1344 2690 1377 2756 iu

265 2813 396 2876 irritum
424 2798 556 2877 cadunt.
607 2811 755 2875 Firmum
790 2828 857 2888 cst,
890 2828 996 2902 puto,
1031 2835 1090 2877 cor
1121 2812 1227 2878 bocco
1254 2818 1439 2905 meruel).

266 2932 433 3024 siquidem
461 2957 528 2998 non
561 2931 787 3024 dirumpitur,
820 2933 914 2999 sicuti
947 2930 1081 3025 pluuiali
1114 2934 1192 2999 anui
1224 2953 1376 3030 tempore

269 3056 377 3148 magui
405 3054 548 3120 lluminis
573 3056 646 3145 ripn
672 3071 755 3119 tactu
783 3054 876 3119 novis
902 3053 1010 3125 undis.

363 3179 450 3246 Sane
484 3176 585 3244 lotum
610 3201 678 3243 uon
704 3177 784 3242 milri
811 3175 1011 3242 destinatum
1037 3193 1096 3257 est,
1122 3200 1237 3271 neque
1263 3159 1439 3274 hospi-43·

268 3304 349 3367 tium
380 3318 515 3394 paratur
547 3302 581 3364 in
608 3300 693 3391 regis
720 3299 901 3364 inferorum
938 3298 1055 3377 domo,
1079 3298 1253 3394 siquidem
1287 3326 1377 3369 mors

268 3449 336 3491 uon
373 3422 462 3488 illico
497 3446 551 3486 me
582 3420 759 3499 abstrahit,
793 3445 853 3488 ceu
886 3419 939 3487 leo
974 3418 1156 3488 dorcadem
1185 3424 1377 3497 eiulantem.

267 3550 356 3613 Sanc
388 3547 519 3636 spurum
546 3560 677 3609 osteor
703 3568 815 3610 mcum
832 3568 871 3609 ac
890 3544 1049 3626 ferreum,
1075 3546 1168 3639 quod
1194 3574 1261 3617 nou
1287 3544 1438 3630 ἤια-49·

265 3670 364 3759 gitur,
390 3690 452 3731 nec
478 3663 648 3755 diruptum
675 3680 765 3730 tanto
792 3661 910 3732 dolore
936 3689 1058 3758 corpus
1076 3670 1109 3735 in
1130 3689 1250 3739 terram
1277 3697 1376 3769 prae·

272 3812 356 3879 ceps
383 3786 489 3852 datur.
524 3786 612 3878 Ergo
638 3803 764 3853 certum
793 3802 852 3866 est,
879 3786 981 3853 letum
1007 3792 1218 3861 citruhoram
1242 3797 1374 3865 fatalem

269 3911 393 3975 nomini
425 3911 625 4002 contingere.
673 3906 745 3975 Sed
769 3906 834 3974 boc
860 3934 914 3974 me
941 3913 1041 4001 ungit,
1068 3916 1160 4005 quod
1185 3921 1219 3984 in
1247 3921 1374 3987 irritum
1387 3918 1434 3981 50.

267 4031 418 4099 cecidere
442 4050 514 4100 vota
540 4058 633 4111 roca,
658 4032 799 4124 piaeque
824 4030 1036 4126 largitiones,
1061 4065 1098 4102 ac
1117 4039 1252 4120 ieiunia,
1279 4044 1375 4109 cesti·

268 4156 482 4245 muniatque,
514 4177 732 4245 quaecuuque
767 4156 896 4245 suscepi
932 4154 1036 4247 prolis
1063 4157 1246 4247 desiderio;
1276 4165 1375 4256 plene

270 4294 304 4341 ut
326 4300 446 4353 semen,
469 4276 541 4343 solo
565 4273 668 4342 sterili
690 4275 855 4355 iniectum,
875 4295 984 4343 urani-t
1000 4277 1247 4347 infructuosum.
1274 4282 1374 4366 Quod

267 4470 556 4485 -ῃ

332 4589 362 4665 3)
386 4595 446 4651 Aut
468 4613 620 4652 annorum
651 4614 780 4652 nunrcro
810 4592 1049 4674 comprehendit
1077 4592 1212 4654 Consulis
1241 4605 1371 4679 tempus,

389 4714 422 4749 er
456 4714 518 4773 quo
548 4704 639 4753 utem
667 4701 872 4773 coueepemt;
901 4703 956 4754 out
987 4692 1079 4776 paulo
1109 4694 1198 4756 latius
1220 4692 1371 4779 loquitur,

390 4800 501 4869 utpote
523 4793 721 4855 veliementer
741 4802 906 4854 commota.
