3609 5817
541 719 702 816 Munus
728 746 956 822 noiomo
985 746 1238 818 mousson.
1358 734 1441 817 tto

340 940 516 1032 Quomodo
533 942 618 1011 effici
639 942 762 1037 poterit
771 940 907 1035 Gengae
932 940 1135 1012 descensus?
1161 940 1331 1039 quomodo
1358 939 1481 1032 libe-7.

340 1069 383 1136 tio
407 1067 445 1135 in
469 1065 605 1135 iliorum
629 1063 780 1134 tumulo?
812 1063 983 1161 quomodo
1008 1063 1142 1134 tandem
1167 1089 1224 1134 eos
1249 1067 1285 1133 in
1309 1064 1440 1135 coelum

338 1188 534 1261 nedem?
594 1186 695 1275 Tales
737 1189 950 1282 cogitationes
986 1213 1099 1258 secum
1140 1186 1302 1261 volvebat.
1374 1189 1478 1270 Cuia,

338 1314 496 1382 contineo
528 1310 611 1379 laeec
641 1307 831 1391 meditanti,
860 1310 992 1404 pietatis
1012 1310 1100 1378 bene
1124 1335 1243 1407 gnaro,
1269 1330 1363 1381 natue
1389 1329 1441 1380 est

337 1432 439 1515 iiius,
475 1433 688 1528 Bhaginthes
713 1432 864 1513 nominc,
894 1429 1093 1526 religionum
1122 1434 1438 1502 observentissimus.

337 1557 379 1627 dt
408 1553 541 1651 Dilipee
577 1572 754 1648 augustus,
788 1551 899 1623 metitis
932 1557 1032 1622 sacris
1063 1554 1185 1639 litatis,
1222 1581 1286 1650 pcr
1306 1558 1478 1650 trigintao-

337 1702 498 1747 aaoorum
533 1676 637 1745 miliia
673 1677 851 1770 imperium
888 1674 1144 1763 administravit3
1194 1679 1322 1748 nullum
1360 1708 1438 1750 vero
1452 1712 1499 1754 ιο.

337 1800 512 1870 consilium
536 1819 719 1879 essecutus,
758 1823 903 1892 quonum
921 1816 1032 1893 'pecto
1064 1798 1114 1868 illi
1141 1799 1183 1867 oh
1207 1801 1322 1870 inferis
1356 1829 1439 1897 pro·

337 1925 419 1994 uehi
448 1941 606 2018 possent,
637 1922 756 1990 morbo
786 1919 940 1989 loborans
968 1917 1026 2026 feti
1049 1919 1159 2017 legem
1183 1923 1293 1992 subiit.
1342 1926 1500 1993 Prin-tt.

336 2069 413 2141 ceps
446 2047 600 2140 egregius
632 2043 676 2114 ad
704 2042 824 2112 indree
856 2044 993 2125 orbem,
1026 2068 1127 2138 quem
1162 2044 1344 2116 benefactis
1371 2049 1437 2116 suis

334 2187 518 2250 temerat,
543 2187 593 2237 est
609 2186 757 2248 evectus,
780 2150 850 2234 ¹iilio
878 2166 1076 2259 Bhegirethe
1101 2166 1144 2236 ed
1168 2194 1288 2237 munus
1309 2172 1439 2264 regium

334 2319 418 2389 equa
437 2289 780 2383 lustreliineugureto.
830 2288 1044 2383 Rheginthes
1064 2288 1201 2383 quidem
1223 2293 1355 2385 sopiens
1377 2318 1495 2369 rem.

334 2414 392 2483 hit
415 2441 456 2483 ec
477 2414 571 2509 pius,
603 2437 622 2479 o
648 2408 836 2506 Reghuide,
869 2408 930 2477 sed
957 2408 1063 2504 prolis
1097 2409 1265 2480 desiderio
1300 2416 1436 2498 anxius,

333 2537 446 2607 liberis
468 2540 570 2607 orbus
597 2538 786 2633 permensit
835 2534 1040 2604 Demendeta
1065 2536 1175 2628 itaque
1191 2535 1349 2603 ministris
1372 2538 1495 2618 imqs,

332 2661 415 2755 perii
438 2684 538 2741 cura,
562 2660 635 2752 ipse
660 2660 694 2724 in
717 2656 851 2751 Gengae
873 2653 1070 2725 descensum
1092 2657 1237 2726 intentus
1262 2656 1434 2729 diuturnae

332 2783 538 2851 oestimonim
564 2782 710 2848 exercuit
744 2781 779 2846 in
812 2802 890 2847 sexo
921 2777 1094 2847 Gdeerno:
1129 2779 1275 2849 brechiis
1301 2805 1432 2851 sursum
1445 2796 1493 2877 ¹4·

330 2903 511 2997 porrectis,
541 2898 670 2968 medius
702 2901 789 2967 inter
813 2899 964 2993 quinque
993 2900 1109 2994 ignem
1138 2900 1275 2997 singulis
1309 2907 1433 2972 menei·

330 3025 391 3094 bue
417 3023 523 3093 semel
549 3026 661 3092 cibum
687 3022 840 3115 cupiens,
865 3018 1062 3116 perdomitis
1084 3025 1246 3104 sensibus,
1270 3049 1335 3116 por
1359 3024 1432 3092 hie-

329 3172 416 3216 mem
441 3150 476 3214 in
502 3144 572 3214 solo
590 3142 657 3212 udo
685 3145 831 3223 cubens,
865 3142 979 3237 pluvio
1005 3146 1081 3211 enni
1113 3161 1263 3237 tompore
1285 3146 1348 3211 sub
1374 3144 1431 3214 dio

329 3268 523 3367 pertinerem.
587 3268 652 3352 Qui
686 3292 789 3362 quum
816 3291 879 3362 per
909 3265 1036 3360 eliquot
1069 3289 1232 3332 annorum
1261 3264 1364 3333 millia
1394 3268 1489 3348 ines,

329 3414 393 3462 tam
418 3393 522 3461 etroci
548 3392 695 3460 cruciatu
719 3390 935 3485 perstitisset,
961 3387 1124 3481 propitius
1148 3388 1180 3455 ei
1204 3382 1355 3455 redditus
1380 3406 1431 3456 est

328 3515 432 3584 elmus
456 3518 660 3597 Beaceeee,
693 3537 838 3581 summm
864 3510 1101 3579 ennimentium
1123 3506 1288 3581 dominus.
1337 3512 1490 3589 Tomoe,

328 3638 399 3707 Diis
433 3637 664 3706 comitantibus
696 3660 832 3727 magnus
865 3635 989 3701 Parent
1022 3629 1066 3700 ad
1092 3632 1324 3728 Rhagirathem
1355 3658 1427 3702 seeo

329 3762 539 3854 eutigentem
570 3758 756 3842 accedens,
781 3759 1026 3850 magnanimum
1050 3759 1093 3824 ite
1126 3756 1256 3825 eiietur:
1281 3755 1485 3853 Ampio-17.

328 3881 631 3974 eimeBhegiretire!
657 3884 827 3951 hominum
851 3878 1027 3974 princepe!
1053 3877 1211 3974 equidem
1236 3879 1297 3946 tibi
1322 3880 1426 3961 saeco,

328 4030 366 4073 ec
390 4025 530 4100 propter
554 4008 762 4074 castimoniae
774 4006 862 4074 beno
886 4007 1045 4073 exercitae
1067 4026 1185 4070 munus
1206 4000 1344 4095 eliquod
1368 4029 1427 4072 ea·

327 4147 418 4222 petes
443 4126 529 4195 lieet.
579 4130 697 4197 Totius
720 4127 836 4195 mundi
854 4128 1116 4222 megnoParenti
1133 4123 1320 4217 praeclarus
1340 4127 1485 4198 ohe-stt

325 4248 479 4343 girethes,
492 4247 608 4317 validis
625 4249 755 4318 ieccrtis
777 4248 966 4342 praeditum.
992 4244 1183 4342 respondit,
1210 4269 1325 4316 manue
1349 4250 1424 4317 iou·

324 4391 392 4439 ctae
416 4370 613 4464 suppliciter
638 4370 856 4466 protendens:
881 4372 916 4439 Si
934 4370 1057 4440 elotum
1080 4391 1204 4437 numen
1228 4370 1308 4437 mihi
1329 4370 1484 4463 savem

325 4493 538 4562 eiiruetuosa
570 4512 620 4562 est
650 4494 861 4573 castimonie,
898 4493 1129 4559 nanciscantur
1151 4512 1217 4583 ope
1242 4515 1313 4556 moe
1340 4487 1425 4557 liba·

324 4619 447 4685 tionem
481 4619 591 4685 cuncti
616 4617 729 4707 Segeri
754 4616 830 4683 neti.
891 4614 1013 4683 Cinerc
1040 4616 1178 4681 istorum
1199 4611 1485 4705 magnanimo-eo.

322 4760 395 4806 rem
420 4735 554 4829 (leugae
580 4735 677 4802 undis
699 4736 856 4815 irrorato,
881 4752 1045 4803 treuscent
1071 4734 1107 4802 in
1125 4731 1255 4802 coeiutn
1281 4735 1420 4805 immen-
