3609 5817
455 785 536 867 180
779 775 869 865 Lu.
899 772 935 865 1.
965 769 1069 866 Cur.
1102 767 1221 864 ux.

410 991 511 1073 ‹ibis-
561 993 652 1077 Quae
676 988 782 1058 sorma
803 994 1034 1085 magistrorum
1052 989 1133 1060 diris
1157 989 1272 1060 effecta
1288 992 1326 1057 in
1344 1005 1378 1057 te
1402 1003 1552 1082 apparet,

448 1114 536 1182 hanc
560 1110 701 1180 eandem
733 1110 868 1179 indutus
892 1114 1064 1206 cumipse
1090 1135 1234 1207 corpore
1253 1109 1302 1180 ad
1326 1107 1460 1179 coelum
1478 1109 1552 1178 ibis.

411 1237 554 1312 §.Sedes
589 1261 725 1332 superas
757 1236 915 1332 equidem
954 1239 1098 1306 arbitror
1127 1255 1161 1306 te
1190 1238 1254 1305 iam
1287 1259 1388 1306 manu
1414 1255 1552 1319 tenere,

448 1365 578 1457 quippe
611 1362 690 1455 qni,
717 1361 847 1429 consilii
868 1364 989 1455 inops,
1020 1359 1111 1455 apud
1135 1357 1327 1430 Cusicidem
1348 1357 1552 1453 praesidium

408 1486 647 1579 &quaesivisti
702 1484 758 1552 Sic
790 1484 873 1553 satus
912 1488 962 1553 vir
986 1485 1149 1579 inclytus,
1180 1483 1256 1552 filiis
1282 1483 1348 1551 ruis
1374 1484 1460 1551 recti
1484 1499 1552 1550 sttr-

446 1607 549 1676 diosis
583 1631 622 1674 ac
654 1606 921 1702 prudentissimis
953 1607 1136 1691 mandavit,
1174 1626 1211 1676 ut
1234 1607 1388 1676 sacrificii
1411 1631 1552 1702 appara·

408 1743 517 1807 7·tnm
555 1749 717 1797 curarent
782 1728 932 1813 Deinde,
968 1731 1096 1798 eunctis
1132 1728 1306 1823 discipulis
1344 1728 1552 1810 convocatiaa

444 1853 544 1921 talem
578 1854 696 1920 habuit
731 1852 931 1919 orationem:
965 1851 1113 1920 Cunctos
1147 1871 1255 1934 vates,
1286 1877 1350 1922 nec
1382 1876 1454 1923 non
1486 1852 1553 1922 Va·

403 1974 641 2057 8.sishthidas,
674 1970 866 2041 adducitote
895 1997 972 2042 meo
1009 1974 1120 2054 iussu,
1157 1992 1190 2041 et
1215 1973 1307 2067 quod
1333 1975 1478 2070 quisque
1500 1997 1553 2042 rc-

444 2122 605 2191 sponsum
641 2093 790 2174 dederit,
814 2116 968 2160 meorum
997 2091 1163 2161 dictorum
1183 2097 1377 2163 auctoritate
1400 2093 1553 2165 admoni-

444 2238 518 2304 tus,
551 2220 588 2287 id
612 2220 803 2286 universum
814 2266 825 2298 ,
847 2214 1083 2311 qualecunque
1115 2220 1192 2301 situ
1208 2221 1280 2286 sine
1305 2217 1374 2288 ullo
1396 2237 1553 2313 respectu

403 2344 524 2430 omihi
557 2361 606 2410 est
620 2336 850 2409 nuntiandum.
898 2340 1005 2409 Dictis
1029 2341 1122 2408 hisce
1141 2338 1261 2410 auditis
1285 2337 1444 2433 discipuli
1469 2363 1553 2434 quo-

443 2489 626 2562 quoversus
649 2462 793 2557 profecti
824 2482 901 2531 sunt
927 2465 996 2532 eius
1017 2467 1117 2532 iussu.
1148 2465 1346 2533 Convenere
1370 2461 1497 2534 deinde
1513 2487 1552 2532 ex

387 2593 597 2662 ruomnibus
622 2589 720 2657 terris
745 2585 952 2654 voluminum
989 2613 1160 2656 sacrorum
1183 2591 1394 2682 interpretes.
1444 2588 1554 2660 Disci-

443 2708 517 2803 puli
542 2732 699 2802 quoqne,
723 2711 848 2774 reversi
864 2707 908 2775 ad
933 2710 1163 2777 anachoretam
1178 2712 1346 2778 maiestate
1369 2709 1554 2805 splenden-

444 2849 529 2911 tem,
553 2828 746 2896 referebant
771 2829 802 2895 ei
824 2854 910 2921 quae
931 2830 1053 2923 singuli
1077 2832 1283 2900 voluminum
1306 2855 1480 2902 sacrorum
1501 2836 1554 2902 in·

390 2969 608 3044 interpretes
635 2948 803 3019 dixissent
868 2955 987 3022 ”Dicto
1019 2974 1075 3024 tuo
1101 2955 1213 3024 audito
1245 2957 1391 3024 universi
1415 2959 1480 3026 viri
1502 2959 1553 3026 bis

446 3073 515 3139 nati
541 3073 751 3155 conveniunt,
779 3097 820 3141 cx
841 3074 996 3142 omnibus
1022 3077 1118 3143 terris
1143 3077 1210 3143 huc
1235 3076 1390 3170 profecti,
1412 3097 1553 3175 excepto

392 3214 557 3263 tutamen
587 3193 777 3289 Mahdtlayo
801 3193 837 3281 ¹).
895 3197 1037 3266 Centeni
1066 3202 1121 3269 isti
1153 3200 1386 3270 Vasishthidae
1417 3201 1552 3270 turbido

446 3344 529 3414 prae
552 3321 602 3387 ira
626 3321 717 3389 vocis
743 3344 824 3388 sono
841 3346 1029 3415 quemnam
1054 3340 1200 3391 atrocem
1224 3348 1413 3394 sermonem
1437 3345 1554 3421 protn-

394 3440 557 3525 amorim,
579 3442 657 3510 audi
670 3462 705 3511 tu
712 3494 722 3526 ,
746 3446 1022 3513 anachoretarum
1041 3443 1216 3541 princeps!
1228 3481 1279 3495 -
1297 3448 1361 3516 cui
1386 3449 1553 3520 sacrificus

449 3581 500 3632 est
528 3565 630 3633 homo
660 3565 830 3648 militaris,
866 3569 1040 3637 Chanddlo
1074 3572 1289 3662 praesertim,
1324 3573 1497 3665 quomodo
1520 3577 1554 3642 in

450 3685 548 3754 huius
578 3710 735 3755 consessu
764 3689 821 3756 Dii
855 3687 1096 3786 sapientesque
1121 3691 1281 3761 coelestes
1315 3692 1414 3761 latice
1437 3698 1552 3791 pingui

397 3809 650 3887 aduescentur?
686 3809 754 3879 Aut
785 3811 955 3903 quomodo
981 3812 1115 3880 tandem
1136 3816 1360 3885 Brachmanae
1384 3824 1553 3913 magnani-

452 3929 519 4011 mi,
545 3928 700 3999 delectati
725 3933 833 4025 epulis
858 3934 1122 4020 Chanddlorum,
1147 3940 1183 4006 in
1207 3939 1339 4008 coelum
1363 3943 1552 4026 evehantur,

397 4052 668 4122 15·Visvdmitrae
693 4058 878 4149 patrocinio
891 4057 975 4126 tuti?
999 4093 1048 4109 ·-
1072 4060 1171 4130 Tales
1184 4064 1364 4133 verborum
1385 4086 1554 4136 coutume-

455 4271 727 4293 Ἀ

496 4416 523 4494 1)
544 4414 738 4496 Maluidqra,
758 4416 779 4477 i.
797 4439 824 4480 e.
852 4440 979 4504 maguus
1001 4423 1113 4487 oriens.
1173 4426 1233 4489 Res
1254 4434 1300 4490 eat
1321 4447 1452 4511 promus
1472 4432 1555 4494 iuer-

576 4525 730 4598 apeetata,
763 4516 848 4601 quod
868 4517 932 4580 hoc
960 4542 1150 4605 cognomen,
1168 4549 1320 4610 nusqtmm
1341 4528 1371 4588 in
1395 4537 1463 4590 toto
1484 4551 1553 4592 car-

577 4616 659 4677 mine
679 4617 807 4679 obvium
829 4619 886 4681 nisi
907 4619 959 4681 hie
982 4630 1015 4682 et
1035 4623 1114 4687 infra
1136 4624 1204 4686 dist.
1227 4625 1283 4702 15,
1304 4623 1555 4710 proi'a'sishthae

576 4714 701 4778 nomine
730 4719 861 4800 proprio
892 4721 1098 4786 substituitur.
1154 4727 1235 4789 Num
1259 4732 1353 4809 poeta
1380 4727 1489 4790 attuatii
1515 4725 1554 4790 ad

578 4813 704 4895 aliquod
722 4816 881 4881 vadorum
903 4819 1039 4882 dictum?
