3609 5817
663 736 919 834 sensarum
947 766 1095 829 summ.
1377 758 1431 837 35

323 953 407 1021 ieras
433 952 617 1035 silvestres,
639 952 768 1023 nullum
791 954 891 1023 alium
918 957 1089 1026 mortalem
1118 980 1310 1054 cognoscet,
1337 984 1432 1056 patre

322 1098 473 1173 excepto.
527 1078 756 1146 lutemcratam
782 1082 927 1149 servabit
952 1083 1006 1150 hic
1029 1087 1254 1176 magnanimus
1281 1084 1474 1183 discipli-p

322 1226 418 1282 nam,
450 1200 559 1296 qualis
587 1202 685 1272 decet
708 1203 954 1274 adolescentem
974 1209 1233 1291 Braclunanam‚
1268 1231 1300 1278 et
1324 1232 1433 1282 auste-

322 1349 376 1393 rae
402 1327 475 1393 cius
501 1329 711 1396 castimoniae
728 1354 791 1423 per
807 1332 924 1398 orbem
951 1333 1219 1400 celebrabuntur.
1260 1336 1431 1405 Eiusmodi
1451 1372 1495 1414 ιο,

323 1452 421 1518 sitam
446 1448 581 1543 degenti
614 1476 712 1521 omne
739 1472 869 1548 tempus
896 1476 1108 1526 consumetur
1133 1459 1209 1550 igne
1235 1482 1330 1528 sacro
1362 1483 1434 1527 sus·

324 1575 499 1657 mundo,
523 1579 695 1672 patrisque
720 1580 755 1646 in
782 1580 955 1673 obsequio.
995 1580 1126 1649 Eodem
1151 1600 1259 1651 autem
1281 1600 1433 1677 tempore
1451 1615 1496 1661 ιι,

325 1697 535 1791 ldmaptdus
560 1716 734 1791 augustus,
766 1703 1013 1793 potentissimus
1040 1702 1211 1794 Augurum
1232 1693 1266 1789 4)
1297 1730 1356 1773 rer
1381 1708 1433 1772 in-

326 1820 506 1907 ehrescet3
540 1824 632 1890 cuius
664 1842 803 1916 propter
834 1822 1002 1916 piaculum
1031 1823 1168 1917 aliquod
1201 1828 1329 1894 siccitas
1354 1829 1498 1903 hor-12.

327 1946 427 2016 reoda
452 1973 471 2014 e
498 1946 684 2041 plus-iarum
712 1947 844 2014 delectu
871 1966 942 2015 orta
968 1951 1002 2015 in
1030 1952 1099 2020 eius
1125 1950 1250 2019 ditione
1276 1948 1320 2016 ad
1342 1952 1436 2019 inco·

326 2065 429 2134 larum
463 2069 649 2159 perniciem
675 2068 797 2137 multos
821 2070 855 2135 io
882 2094 986 2139 annos
1013 2071 1218 2164 perdurabit
1270 2073 1339 2143 Hac
1372 2078 1499 2147 sic-13.

328 2191 421 2255 eitate
447 2188 663 2255 rebementer
688 2190 901 2257 conturbatus
927 2216 986 2258 rex
1011 2190 1069 2259 illc
1096 2192 1213 2263 doctor
1239 2194 1438 2287 religionum

326 2309 494 2403 praesules
519 2309 671 2378 consulet
695 2311 738 2378 de
762 2312 911 2380 eiusdem
937 2314 1096 2382 remedio·
1135 2316 1222 2397 Vos,
1250 2320 1309 2384 viri
1338 2344 1437 2387 vcuc·
1456 2327 1501 2405 ri.

328 2432 440 2515 randi,
467 2437 614 2529 inquiet,
639 2436 674 2500 in
701 2460 810 2502 rerum
839 2436 1024 2502 divinarum
1051 2438 1186 2503 scicntia
1210 2463 1287 2504 sane
1310 2446 1436 2524 versati,

328 2562 421 2630 nasis
452 2562 615 2628 hnmanae
647 2586 782 2654 quoque
815 2587 908 2628 casus
940 2565 1066 2644 nostis;
1118 2588 1197 2657 ergo
1236 2560 1435 2630 declaratote

329 2686 390 2752 reti
415 2684 579 2750 rationem
605 2682 770 2777 aliquem,
795 2711 859 2778 qua
886 2686 1028 2778 expiatio
1054 2686 1126 2753 lieri
1149 2686 1260 2781 possit
1311 2685 1499 2767 Arrdito15,

328 2803 507 2901 ldnrapidi
529 2829 681 2875 semrone
699 2806 922 2873 Brachmanae
949 2808 1002 2873 isti
1028 2807 1138 2873 eximii
1163 2807 1432 2902 respondebunt:

332 2973 593 2988 *ιν-ια·

449 3083 548 3127 nore
572 3063 601 3123 in
621 3062 703 3123 silvis
724 3061 868 3144 degeret,
896 3061 1030 3125 mirabili
1054 3063 1190 3147 quadum
1215 3065 1384 3128 volontatis
1409 3063 1440 3124 vi

448 3174 558 3228 natum
577 3162 635 3224 ribi
654 3162 807 3245 paravisse
830 3162 1041 3241 credebatur,
1064 3164 1169 3248 quales
1186 3166 1274 3226 multi
1283 3164 1360 3250 fittt
1373 3166 1438 3247 spi.

448 3265 554 3326 vitales
576 3266 717 3324 virorum
738 3273 919 3323 sanctorum
938 3273 1164 3327 memorantur.

365 3376 404 3458 l)
426 3379 580 3464 dugann
597 3390 716 3442 terram
740 3381 827 3462 pouit
855 3390 960 3441 noster
984 3380 1022 3440 ad
1045 3378 1236 3442 conduentes
1253 3375 1387 3459 Sarapis
1409 3379 1441 3436 et

450 3478 584 3562 Gangis;
605 3477 692 3542 addit
708 3501 835 3564 quoque
854 3500 914 3561 pro
934 3500 1022 3539 ruore
1043 3499 1098 3539 suo
1119 3488 1246 3563 etymon
1267 3474 1398 3537 nominis
1422 3495 1439 3535 e

449 3578 640 3662 nytltologia
659 3580 803 3661 petitum.
847 3578 892 3637 Cf.
913 3576 981 3640 Lib.
1004 3579 1030 3648 l,
1052 3597 1079 3639 c.
1097 3576 1222 3651 xxvi,
1244 3571 1291 3641 ll.
1334 3575 1441 3658 Longe
1525 3589 1537 3626 ’.

450 3680 542 3740 aliter
560 3677 770 3761 lexicographi
788 3677 899 3754 Angli,
924 3675 997 3736 dum
1009 3675 1294 3760 AngosBengaliam
1310 3672 1440 3755 proprie

450 3779 494 3841 sic
511 3778 628 3841 dictam
645 3800 714 3840 cum
731 3778 892 3859 provincia
903 3773 1139 3860 Rhagalpuana
1161 3797 1224 3837 etse
1246 3775 1366 3848 volunt,
1387 3791 1438 3835 te·

451 3877 515 3940 eati
529 3877 568 3938 V.
585 3878 633 3939 (21.
651 3876 897 3950 cocomarium,
919 3882 971 3942 As.
991 3878 1061 3941 litt.
1073 3875 1111 3954 V,
1129 3898 1158 3958 p.
1168 3873 1219 3937 56.
1243 3875 1295 3957 qui
1312 3869 1439 3957 quidem

450 3976 569 4039 nullum
590 3975 769 4038 laudaverat
789 3986 906 4036 testem.
948 3975 1114 4058 Tetnporis
1138 3973 1270 4034 decursu
1294 3991 1439 4033 tancre.

449 4075 575 4157 gionum
600 4076 724 4137 nomina
749 4095 819 4136 cum
846 4075 915 4155 ipsis
935 4076 1041 4136 incolis
1060 4075 1205 4135 aliorsum
1224 4073 1359 4154 migrare
1377 4092 1439 4154 poa

451 4185 590 4240 tuerent.
625 4182 768 4237 Attamen
789 4175 827 4235 ml
851 4185 958 4237 vetera
977 4175 1105 4235 uomina
1128 4171 1337 4256 geographie·
1354 4180 1439 4235 recte

447 4273 624 4338 delinienda
652 4274 784 4337 tirmiori
811 4273 966 4357 pracsidio
990 4273 1036 4335 uti
1064 4293 1127 4333 non
1147 4293 1324 4355 possumus,
1346 4290 1439 4353 quam

452 4373 714 4458 descriptionibus
735 4375 882 4438 itinerum
898 4373 928 4435 in
947 4371 1134 4434 carminibus
1148 4373 1253 4454 epicis.
1275 4391 1355 4457 quse
1372 4370 1438 4450 ple.

452 4493 585 4557 rumque
605 4494 730 4536 ornnem
760 4471 989 4535 dubitationem
1009 4471 1047 4534 de
1070 4473 1130 4533 situ
1150 4473 1293 4536 locorum
1315 4469 1438 4533 tollunt.

449 4572 495 4637 Er
520 4574 632 4636 itinere
652 4574 841 4638 Dauratbae
869 4569 909 4632 ed
937 4571 1151 4653 thnapbdunr
1176 4569 1270 4646 (bib.
1290 4572 1317 4640 1,
1341 4590 1369 4633 r.
1390 4569 1438 4645 X,

457 4670 504 4738 16.
528 4671 593 4749 list
615 4684 756 4757 apparet,
777 4672 866 4735 liuius
886 4694 1014 4753 regnum
1033 4671 1175 4733 aCbsalis
1194 4693 1256 4734 nou
1279 4668 1367 4731 valde
1387 4690 1439 4732 re·

450 4785 573 4838 notum
595 4775 695 4838 luisse.
