3609 5817
335 830 337 833 ,
395 746 449 823 38
744 733 833 819 Lm.
866 731 900 820 l.
938 728 1038 819 Cae.
1070 732 1148 820 lx.

337 979 381 1021 va.
396 971 483 1033 ctae,
510 969 631 1019 vastam
648 948 1030 1046 illamhorrendamque
1054 948 1167 1016 silvam
1192 954 1363 1020 intravere.
1406 949 1502 1017 llaud

395 1074 515 1169 procul
541 1101 559 1141 a
585 1078 714 1168 tugurio
741 1074 977 1154 subsistentes,
1012 1073 1048 1139 id
1073 1075 1220 1167 primurn
1245 1071 1361 1142 sedulo
1375 1097 1503 1166 agere,

395 1216 432 1265 ut
457 1221 533 1267 eum
564 1200 788 1290 conspiciant,
813 1194 1025 1262 Vibhtndaci
1055 1215 1144 1263 metu
1177 1197 1343 1278 turbatae,
1375 1167 1504 1262 frutici-

338 1322 459 1389 asbus
485 1347 523 1389 ae
548 1320 695 1414 virgultis
721 1345 793 1392 scse
820 1318 1033 1388 occultantes.
1077 1321 1257 1412 Postquam
1281 1342 1359 1386 vero
1384 1342 1504 1411 specu-

397 1443 497 1512 lando
525 1461 779 1537 compererant,
811 1468 926 1511 senem
952 1470 969 1509 a
995 1443 1125 1535 tugurio
1156 1439 1269 1533 paullo
1297 1440 1427 1535 longius
1447 1441 1505 1509 ab·

398 1593 488 1649 esse,
522 1586 600 1634 tunc
625 1570 660 1638 in
688 1586 904 1660 conspectum
926 1566 985 1633 filii
1010 1565 1190 1659 prodiere,
1225 1583 1261 1631 ut
1285 1566 1316 1632 ei
1341 1591 1376 1632 se
1398 1566 1506 1633 viseu-

340 1690 386 1769 ti·
399 1690 457 1757 das
482 1690 686 1761 exhiberent
736 1690 866 1763 Festive
889 1688 1012 1758 deinde
1037 1687 1113 1755 illae
1136 1690 1223 1757 inter
1247 1714 1282 1756 se
1306 1690 1427 1770 iocari,
1453 1713 1507 1777 va·

398 1816 457 1881 riis
482 1814 607 1880 lusibus
626 1812 837 1907 pilorumque
857 1815 1050 1895 iactatione,
1077 1829 1265 1892 cantantes,
1291 1805 1507 1893 ludibundae,

340 1949 385 2013 15.
399 1936 493 2005 molli
512 1954 604 2004 motu
621 1934 794 2019 saltantes3
821 1934 965 2008 odoratis
990 1935 1123 2007 corollis
1144 1938 1333 2020 redimitae,
1359 1960 1509 2030 unguen·

400 2062 440 2128 tis
462 2061 549 2127 bene
582 2060 748 2129 olentibus
778 2058 954 2128 delibutae.
1004 2057 1214 2145 Nonnullae,
1248 2059 1389 2133 libidine
1416 2062 1508 2157 quasi

401 2181 616 2277 languentes,
639 2210 742 2278 opera
767 2184 842 2258 data
867 2189 902 2253 in
927 2206 1049 2254 terram
1075 2185 1204 2271 delabi,
1227 2209 1261 2259 et
1283 2213 1398 2257 rursus
1424 2188 1508 2255 exsi-

343 2315 388 2377 16.
401 2308 473 2374 lire.
523 2308 680 2380 Vestibus
702 2308 913 2384 volitantibus
940 2331 973 2381 et
1007 2302 1165 2379 delicatis'
1184 2309 1387 2380 armillarum
1413 2336 1511 2380 orna·

400 2433 520 2502 mentis
537 2430 658 2502 leniter
676 2456 747 2502 sese
772 2434 915 2502 invicem
939 2435 1111 2517 lerientes,
1136 2452 1305 2504 venustam
1326 2436 1510 2530 procacita-

342 2575 387 2639 17.
402 2574 469 2623 tem
495 2574 668 2625 ostentant
719 2557 931 2651 Compcdum
964 2584 1137 2627 aurearum
1168 2561 1340 2628 tinnitibus
1366 2578 1398 2627 et
1421 2559 1510 2628 suavi

402 2668 561 2745 lusciniae
590 2697 688 2756 cautu
718 2705 900 2773 personans
930 2684 1034 2751 instar
1064 2684 1151 2752 sedis
1180 2684 1370 2751 Fidicinum
1402 2681 1513 2751 coele-

344 2809 388 2871 18.
403 2809 501 2875 stium
527 2804 649 2875 vocalis
667 2824 745 2875 tunc
761 2805 841 2873 silva
866 2808 927 2877 ista
952 2810 1081 2876 exstitit
1117 2809 1160 2876 At
1183 2807 1259 2881 illae
1280 2807 1454 2878 oculorum
1473 2835 1511 2877 ac

403 2930 659 3025 superciliorum
685 2932 826 2999 vibranti
845 2949 945 3012 nutu,
969 2950 1129 3034 gestuque
1153 2959 1310 3001 mannum
1330 2930 1390 3000 loti
1412 2932 1511 3002 flores

403 3057 616 3148 aequantium
641 3057 733 3149 signa
759 3054 876 3124 furtiva
902 3052 1058 3137 edentes,
1086 3058 1205 3151 quibus
1231 3057 1365 3123 iuvenes
1389 3053 1511 3124 laetitia

345 3180 515 3263 ¹9·ellerri
546 3180 654 3247 solent
667 3231 677 3261 ,
713 3176 919 3250 lascivientes
952 3177 1101 3272 undique
1130 3179 1350 3275 prosiliebant
1378 3178 1512 3272 puellae

403 3305 587 3388 formosae,
612 3324 649 3373 ut
674 3302 861 3377 modestum
887 3303 1103 3376 anachoretae
1126 3302 1230 3375 filium
1255 3300 1298 3367 ad
1318 3301 1511 3396 cupidinem

342 3444 391 3486 ²0·
404 3428 636 3497 accenderent
689 3429 747 3494 Rei
773 3450 876 3493 novae
904 3444 937 3492 et
957 3425 1122 3500 inauditae
1146 3410 1336 3519 spectaculo
1362 3429 1397 3495 in
1422 3454 1511 3495 sum-

402 3578 491 3620 mam
513 3552 764 3621 admirationem
789 3568 902 3643 raptus
928 3551 1174 3643 Rishyasringas
1190 3550 1382 3622 festinanter
1398 3577 1438 3618 ex
1461 3570 1512 3620 tu-

342 3677 498 3770 angnia
522 3700 671 3770 egressus
697 3694 764 3743 est:
804 3702 914 3768 neque
939 3677 1028 3743 cuim
1050 3702 1068 3746 a
1090 3675 1253 3743 natalibus
1279 3675 1358 3743 inde
1380 3696 1511 3746 sauctus

405 3798 598 3869 adolescens
618 3820 674 3867 aut
692 3798 846 3866 seminam
864 3820 920 3865 aut
936 3824 1060 3870 marem
1076 3798 1210 3881 viderat,
1233 3820 1289 3870 aut
1306 3798 1397 3872 aliud
1413 3798 1512 3893 quid·

405 3949 505 4019 quam
527 3950 567 3990 ex
592 3948 706 3990 earum
731 3947 843 3990 rerum
868 3948 1010 4016 genere,
1034 3926 1172 4018 quaein
1194 3926 1333 3993 urbibus
1359 3924 1512 4019 agrisque

343 4070 391 4112 aa.
406 4047 501 4114 cultis
526 4065 693 4141 parantur.
725 4049 824 4114 Tunc
840 4067 966 4128 autem,
994 4074 1096 4141 quum
1112 4045 1240 4142 puellas
1260 4046 1418 4143 graciles,
1443 4065 1511 4116 toto

405 4194 548 4264 corpore
574 4170 733 4240 formosas
761 4175 1005 4266 conspexisset,
1028 4171 1141 4239 nitidis
1166 4174 1310 4244 vestibus
1336 4196 1511 4239 ornamen-

343 4296 391 4359 23.
405 4294 513 4388 tisque
540 4297 702 4390 insignes,
728 4300 817 4365 suavi
843 4322 924 4365 voce
946 4317 1118 4378 canentes,
1143 4298 1282 4390 propius
1305 4292 1386 4365 illuc
1402 4319 1512 4364 acces-

404 4421 446 4486 sit
466 4420 652 4487 curiositate
671 4439 854 4489 commotus
877 4419 1087 4488 vinhandaci
1107 4417 1212 4502 lilius,
1238 4439 1271 4488 ct
1289 4416 1512 4514 cognoscendi

342 4538 388 4615 ²4·
405 4541 547 4636 cupidus
564 4541 687 4611 adstitit
712 4563 822 4611 mente
848 4546 993 4611 attonita.
1027 4543 1107 4612 Illac
1132 4543 1391 4639 blandiloquus,
1414 4567 1513 4637 gran·

404 4662 504 4730 dibus
531 4662 635 4731 oculis
662 4670 888 4760 conspicuae,
923 4666 1147 4736 animadversa
1174 4670 1243 4736 eius
1276 4669 1512 4744 admiratione,

407 4803 538 4852 cantum
567 4811 641 4853 rum
666 4785 733 4855 leni
763 4815 895 4858 svvsvrrro
931 4788 1138 4871 modulatae,
1173 4792 1271 4860 simul
1294 4791 1324 4859 ei
1354 4792 1512 4874 arrisere,
