3609 5817
651 724 928 816 Vrsvaurnaa
956 755 1102 817 senno.
1373 741 1424 820 tt

323 943 541 1011 contaminato
560 960 591 1008 et
616 941 659 1008 ad
684 945 813 1010 initum
839 941 973 1013 redacto
991 948 1054 1013 voti
1073 948 1138 1013 mei
1154 948 1344 1041 proposito,
1371 972 1427 1017 co·

324 1064 433 1134 nando
448 1063 564 1144 sessus,
590 1067 737 1132 animum
754 1064 979 1159 despondens,
1001 1068 1171 1159 regionem
1190 1071 1283 1139 istam
1300 1070 1427 1142 deacro.

324 1188 458 1258 Scilicet
478 1214 546 1256 non
570 1188 651 1255 mihi
675 1208 724 1257 est
747 1189 931 1272 consilium,
957 1215 977 1258 o
1000 1216 1069 1271 rex,
1091 1194 1174 1260 iram
1200 1220 1307 1266 meam
1324 1196 1469 1282 edun-7.

324 1313 449 1396 dandi,
487 1315 645 1408 quoniam
667 1315 749 1381 haec
775 1317 982 1383 caeremonia
1007 1315 1169 1384 eiusmodi
1195 1338 1265 1402 est,
1303 1323 1338 1388 in
1364 1349 1429 1416 qua

326 1435 411 1504 diras
439 1440 615 1529 imprecari
641 1435 730 1504 haud
753 1437 800 1506 sas
825 1440 876 1506 sit.
911 1439 985 1505 Tuo
1012 1437 1121 1508 favore
1147 1441 1218 1510 fieri
1243 1463 1369 1538 potest,
1394 1464 1430 1514 ut
1441 1449 1469 1513 8.

325 1563 392 1627 siue
413 1559 654 1653 impedimento
679 1561 848 1655 religionis
873 1562 1016 1630 sructum
1041 1565 1241 1659 percipiam:
1269 1587 1361 1636 tuum
1381 1589 1431 1638 cst

326 1710 375 1751 me
399 1684 554 1751 afflictum
579 1687 683 1766 tueri,
709 1686 767 1778 qni
792 1685 950 1778 praesidii
975 1688 1073 1777 inops
1099 1704 1130 1752 tc
1155 1692 1304 1756 conveni.
1338 1693 1470 1774 Peten-

326 1828 407 1891 ate,
436 1834 493 1875 rex
522 1810 765 1901 potentissime,
791 1829 827 1877 ut
851 1810 932 1876 mihi
958 1807 1066 1875 tradas
1093 1827 1183 1875 tuum
1203 1813 1307 1904 ipsius
1326 1811 1428 1880 filiurn

328 1951 399 2000 natu
421 1932 598 1997 maximnm
620 1932 770 2013 inimum,
795 1957 872 1999 verre
895 1930 1033 2013 sortem,
1058 1929 1317 2001 adolescentium
1338 1961 1429 2003 more

328 2054 486 2120 cincinnis
512 2073 661 2146 tempora
687 2055 919 2123 inumbratum.
957 2052 988 2121 Is
1006 2079 1023 2119 a
1041 2079 1095 2121 me
1116 2055 1297 2124 custoditus
1317 2057 1489 2128 divinato·

327 2197 381 2243 tuo
407 2178 520 2267 vigore
547 2178 661 2269 utiquc
681 2178 866 2271 gigantibus
885 2179 972 2258 istis,
999 2180 1191 2273 quicunque
1211 2204 1262 2246 me
1284 2182 1429 2265 turbant,

327 2295 560 2392 dispertiendis
585 2326 646 2393 par
671 2319 728 2368 est
777 2301 967 2392 Irnpcrtinm
993 2327 1128 2394 quoquc
1151 2299 1245 2370 dotes
1271 2305 1318 2386 ci,
1344 2304 1429 2371 mul·
1447 2321 1490 2360 ¹¹·

328 2420 456 2488 timodis
480 2420 655 2501 salutares,
680 2422 800 2515 quibus
826 2420 882 2488 illc
909 2420 1026 2489 samam
1049 2422 1099 2489 rel
1120 2449 1184 2516 per
1202 2443 1313 2492 ternos
1333 2449 1430 2491 mnn-

328 2544 384 2612 dos
404 2542 620 2639 propagatam
640 2563 870 2638 consequetur.
906 2545 962 2614 Isti
979 2544 1046 2613 duo
1067 2544 1220 2639 quidum,
1247 2569 1323 2613 cum
1331 2545 1430 2614 Rima
1449 2572 1493 2612 ta.

329 2672 506 2763 congressi,
532 2669 625 2737 nulio
643 2669 743 2736 modo
760 2670 921 2738 obsistere
943 2688 1115 2764 poterunt3
1142 2694 1204 2737 nec
1222 2689 1332 2738 tamen
1349 2667 1431 2739 alius

327 2796 499 2886 quisquam
532 2794 631 2860 homo
658 2813 791 2888 praeter
819 2793 1022 2889 Raghuidcm
1048 2798 1087 2860 iis
1113 2791 1319 2862 trucidandis
1344 2794 1432 2861 suffi-

327 2919 376 2983 cit
410 2916 535 2983 Nefarii
561 2918 633 2996 isti,
662 2916 797 2985 audacia
823 2918 1007 2998 vecordes,
1046 2919 1099 2986 sati
1127 2914 1254 3012 laqueis
1281 2917 1345 2984 iam
1370 2916 1431 2986 oh-
1450 2914 1494 2980 ιδ.

327 3042 429 3117 auxii,
460 3042 510 3107 tir
534 3065 680 3120 summe,
711 3039 966 3133 haudquaquam
994 3064 1068 3110 sunt
1093 3068 1190 3134 pares
1217 3040 1336 3108 Rimae
1362 3066 1432 3107 rna-

327 3168 488 3254 guaninto.
540 3164 657 3258 Neque
689 3166 822 3231 caritate
851 3190 928 3256 erga
954 3185 1066 3233 tratum
1091 3165 1198 3258 frangi
1224 3184 1255 3233 tc
1282 3181 1430 3256 oportet:
1451 3173 1494 3247 14.

328 3308 384 3376 ego
410 3286 472 3353 tibi
499 3283 600 3352 fidem
624 3311 730 3352 meam
756 3289 951 3379 obstringo;
986 3285 1070 3351 duos
1095 3288 1173 3353 istos
1199 3288 1345 3378 gigantes
1368 3288 1432 3352 iam

328 3431 436 3476 mesos
456 3427 545 3502 puta.
580 3410 712 3475 Rimam
737 3410 980 3503 magnanimum
998 3432 1074 3473 vere
1094 3432 1192 3473 nunu
1214 3407 1335 3477 sortem
1350 3432 1431 3491 csse,
1450 3420 1495 3482 15.

330 3550 393 3600 tum
418 3532 577 3627 equidem
600 3535 695 3612 noti,
721 3551 791 3600 tum
813 3530 948 3597 illustris
972 3528 1161 3597 Vasishthas
1183 3531 1351 3623 ceterique
1374 3530 1433 3621 qui
1485 3533 1487 3538 ’

329 3656 378 3722 tic
404 3657 605 3725 castimoniis
630 3674 708 3722 sutrt
731 3653 866 3722 addicti.
908 3652 943 3720 Si
963 3656 1109 3746 praemia
1134 3654 1267 3747 piorum
1292 3675 1432 3747 operum
1451 3660 1495 3723 rsa

328 3778 530 3874 gloriamque
563 3804 625 3872 per
659 3780 775 3847 orbem
815 3797 978 3846 terrarum
1008 3800 1170 3871 quaerere
1207 3776 1268 3843 tibi
1302 3774 1433 3856 studes,

329 3924 452 3968 tumme
474 3927 550 3984 rer,
576 3904 709 3970 Rimarn
735 3902 815 3967 mihi
842 3897 1029 3968 concedere
1054 3921 1086 3970 te
1112 3918 1252 3992 oportet.
1298 3898 1334 3966 si
1359 3899 1496 3993 uui-17.

329 4026 408 4092 tersi
436 4027 610 4115 magistri,
645 4024 819 4092 Vasishtira
846 4042 1050 4117 praeeunte,
1089 4025 1168 4090 nrihi
1196 4024 1434 4105 assentiuntur,

328 4161 402 4214 tnnc
423 4147 559 4212 lituram
584 4145 749 4215 dimittito.
784 4150 910 4214 Decem
933 4148 1085 4214 noctibus
1108 4144 1227 4239 elapsis
1253 4147 1309 4214 fiet
1333 4145 1496 4222 sacri-18.

329 4270 460 4350 ficium,
496 4275 530 4339 in
557 4297 625 4365 qno
650 4275 720 4339 bini
754 4274 902 4363 giganteo
931 4269 1092 4338 caedendi
1128 4290 1205 4339 sunt
1225 4298 1244 4336 a
1277 4267 1346 4337 filio
1378 4286 1434 4335 tuo

328 4394 432 4476 usna,
447 4396 594 4463 saeirrora
610 4395 771 4462 mirabilia
790 4395 932 4462 edituro.
964 4396 1053 4462 Cura
1073 4397 1188 4487 igitur,
1213 4421 1234 4462 u
1253 4390 1435 4484 Raghuide,
1453 4420 1496 4485 tq

328 4543 366 4585 ne
390 4540 523 4614 tempus
554 4521 716 4587 sacrificio
750 4523 981 4613 praestitutum
1007 4519 1295 4612 praetermittatur·
1345 4517 1435 4583 Bene

327 4645 385 4712 ‘bi
410 4643 557 4713 eueniat!
580 4645 656 4713 Noli
682 4647 797 4739 angori
822 4646 969 4711 animum
996 4642 1136 4712 tradere.
1187 4638 1262 4707 Tati
1288 4642 1434 4708 oratioue
1450 4663 1496 4703 ao.

330 4767 433 4859 proba
459 4769 650 4840 resalutari
676 4771 786 4838 habita
812 4770 973 4838 conticuit
996 4770 1071 4862 pius
1098 4763 1179 4850 illc,
1216 4763 1351 4836 illustris
1378 4765 1435 4833 ti-
