3609 5817
528 675 761 768 Ernootuu
790 701 845 764 nr
874 673 1210 771 Rtsnrasatuca.
1367 693 1420 773 39

313 896 520 996 propiusque
545 892 758 975 accedentes,
784 890 916 962 lascivia
941 892 1114 993 languidae
1142 923 1218 965 eum
1243 917 1319 967 sunt
1339 899 1484 972 allo-25.

314 1003 423 1088 eutde:
450 1018 610 1104 Quisnam
635 1036 688 1101 tu,
711 1021 844 1088 cuiusve
870 1036 987 1102 natus,
1012 1022 1071 1115 qui
1097 1040 1162 1089 tam
1188 1022 1298 1090 subito
1325 1022 1422 1093 nobie

312 1143 488 1214 adstidsti?
514 1145 740 1229 Quamobrem
765 1143 854 1213 solus
879 1140 996 1214 silvam
1021 1142 1186 1212 desertam
1211 1144 1421 1242 pervagatis?
1436 1151 1483 1215 ab.

313 1267 378 1337 llos
404 1264 544 1361 quidem
569 1289 666 1334 nosse
692 1284 724 1335 te
751 1268 922 1361 cupimus,
949 1287 981 1336 at
1007 1284 1042 1335 tu
1064 1291 1180 1335 verum
1202 1271 1301 1339 nobis
1319 1269 1422 1351 dicae,

314 1388 483 1485 praeclare
509 1387 712 1459 adolescens
754 1391 841 1459 Visis
866 1389 988 1484 puellis
1012 1418 1183 1489 nunquam
1209 1408 1304 1460 antea
1328 1393 1422 1471 visis,
1437 1417 1483 1482 ²7·

315 1515 436 1583 forme
459 1513 627 1584 lenocinio
651 1513 830 1610 praeditis,
855 1534 930 1583 nata
957 1533 1006 1583 est
1025 1518 1056 1584 ei
1074 1540 1114 1585 ex
1133 1516 1251 1585 all'eetu
1267 1532 1423 1610 prompta

315 1636 461 1752 spluntas
484 1661 587 1733 genus
613 1662 708 1705 suum
734 1637 920 1706 enarrandi.
973 1640 1089 1708 ”Pater
1114 1664 1207 1709 mens
1233 1657 1282 1707 est
1301 1638 1423 1733 Casya-
1437 1642 1485 1705 ab.

314 1755 428 1858 pun,
454 1759 692 1829 Vibbdndacus
718 1763 878 1841 nomine,
919 1766 1010 1828 cuius
1041 1786 1103 1856 ego
1129 1786 1203 1830 sum
1226 1759 1338 1858 proles
1366 1786 1424 1856 ge-

308 1871 698 1978 iaha,1tisbyasringu
723 1869 858 1952 nomine
881 1883 997 1952 dietus.
1049 1885 1234 1979 Tugurium
1253 1902 1422 1964 nmmum,
1437 1865 1510 1970 ap

317 2030 334 2075 e
357 2005 474 2075 decori
500 2005 586 2076 faeie
604 2007 757 2089 iuvenes,
782 2031 891 2102 prope
909 2006 1007 2087 hinc,
1034 2031 1133 2087 ecce,
1161 2009 1259 2075 situm
1282 2023 1350 2094 eet3
1374 2005 1423 2075 ibi

317 2151 369 2198 ιοι
393 2130 566 2198 universos
591 2130 735 2224 bospitio
754 2132 939 2225 excipiam,
962 2132 1057 2199 sicuti
1079 2128 1203 2198 deceta
1255 2133 1330 2215 Quo
1352 2141 1485 2205 aer-30.

315 2273 409 2326 ue
435 2250 549 2321 audito
575 2271 713 2322 cunctae
745 2271 928 2326 statuerunt
953 2256 1045 2322 istius
1071 2276 1236 2321 secessum
1264 2256 1423 2335 invisere,

316 2397 455 2471 nque
480 2393 558 2445 eunt
577 2377 757 2445 comitatae.
793 2376 1005 2446 Vibhtndaci
1029 2396 1124 2445 natus
1150 2376 1297 2470 hospites
1323 2402 1423 2444 vene·
1436 2383 1488 2448 bt.

316 2517 410 2582 ntus,
436 2498 537 2582 Ecce,
562 2501 682 2594 inquit,
703 2517 853 2595 pateram
868 2499 1077 2594 hospitalem,
1096 2524 1175 2567 ecee
1192 2499 1319 2594 pedum
1334 2498 1424 2567 lava-

316 2625 456 2706 tionem,
482 2647 561 2691 ecce
584 2622 714 2691 radices
739 2621 924 2692 esculentas
947 2640 980 2691 et
998 2648 1098 2719 poma
1120 2622 1289 2691 silvestria.
1323 2619 1487 2730 hel-393

263 2757 280 2811 i·
314 2744 380 2830 lae,
414 2748 543 2816 bonore
569 2746 714 2815 libenter
744 2766 903 2841 accepto,
938 2745 1037 2815 dulce
1063 2744 1210 2815 ridentes
1236 2746 1287 2814 his
1313 2745 1422 2814 verbis

315 2895 389 2939 eum
413 2869 575 2940 allocutae
598 2890 689 2941 sunt:
714 2873 819 2940 Nobis
845 2898 1004 2966 quoque,
1028 2897 1126 2953 eece,
1150 2895 1328 2966 pomorum
1353 2868 1485 2950 exi-35

313 2998 455 3067 nicrum
480 2996 574 3067 adest
596 3000 722 3093 eopia3
760 3000 795 3067 sl·
813 2998 874 3066 tibi
899 2996 1033 3092 placet,
1071 2994 1289 3075 Brachmanae,
1324 3017 1425 3088 pome

313 3118 394 3189 baec
417 3123 454 3189 in
479 3145 612 3189 secessu
637 3139 752 3191 nostro
776 3141 851 3191 nata
870 3124 1006 3216 accipe,
1031 3119 1165 3198 amabo,
1191 3138 1225 3186 et
1241 3121 1312 3187 sine
1332 3142 1424 3185 ruora
1438 3120 1486 3201 34.

314 3242 461 3314 comede.
512 3246 609 3340 Aqua
632 3244 756 3313 haece
782 3242 857 3313 lacu
880 3268 968 3339 puro
999 3245 1113 3312 hausta
1137 3245 1252 3336 utique
1272 3242 1424 3321 bibatur,

314 3391 334 3434 e
357 3386 472 3437 sancte
500 3367 703 3439 adolescens.
753 3366 887 3435 Deinde
912 3382 1135 3460 porrexerunt
1159 3367 1190 3431 ei
1216 3362 1328 3430 dulcia
1350 3360 1486 3436 bel-35.

313 3487 412 3571 laria,
444 3493 480 3558 in
505 3491 856 3585 pomorum-speeiem
881 3487 1084 3557 conformata
1099 3539 1109 3569 ,
1147 3486 1277 3579 aliaque
1313 3481 1423 3550 edulia

314 3615 411 3697 saria,
426 3612 611 3709 dulcesque
630 3613 745 3682 latices
763 3613 883 3681 llorum
899 3630 1033 3683 nectare
1048 3628 1226 3706 saporatos
1254 3611 1346 3693 Quae
1363 3605 1424 3673 de·
1436 3611 1486 3681 36,

313 3758 438 3832 gestata
455 3742 619 3833 persuasit
636 3740 700 3808 eibi
719 3758 826 3807 castus
845 3758 952 3811 asceta
969 3763 1041 3808 esse
1056 3762 1132 3806 vera
1148 3759 1266 3829 poma,
1295 3733 1424 3825 quippe

312 3863 369 3956 pai
401 3886 537 3955 semper
567 3862 604 3929 iu
634 3861 723 3933 silvis
758 3863 910 3932 babitans
940 3885 1110 3956 nunquam
1147 3857 1223 3927 talia
1256 3872 1424 3951 gustasset.

313 3982 446 4052 Puellae
470 3982 591 4078 gaudio
615 3983 717 4053 elatae
742 3983 890 4080 singulae
916 3982 1078 4077 deinceps
1101 4004 1177 4048 eum
1202 3976 1487 4074 amplexatae,37.

313 4106 402 4177 cosso
426 4109 498 4175 eius
519 4106 661 4176 lacertos
685 4111 834 4191 iniioere,
860 4106 1009 4180 ridentes
1028 4127 1061 4176 ct
1080 4105 1211 4176 tueisia
1229 4101 1425 4177 diffluentes,

314 4231 545 4325 romanisque
567 4229 697 4305 labellis
720 4232 863 4304 afflantes
888 4235 924 4302 in
949 4257 1064 4300 aurem
1084 4232 1116 4299 ei
1135 4230 1249 4301 neseio
1269 4222 1353 4321 quid
1373 4223 1425 4288 in·
1438 4230 1489 4298 58.

313 4378 503 4439 manue,
536 4372 571 4427 et
595 4354 745 4450 undique
769 4353 904 4454 papillis
930 4354 1105 4451 turgidulis
1130 4353 1249 4422 leuiter
1276 4372 1352 4437 eum
1376 4364 1426 4416 au

313 4480 451 4575 ingen,
500 4481 545 4549 Αι
569 4477 788 4561 adolescens,
823 4477 959 4549 laticum
984 4478 1198 4549 odoratorum
1225 4491 1306 4569 potu
1332 4469 1425 4538 eslii·
1439 4474 1487 4558 39.

314 4589 455 4685 bruas,
488 4603 687 4676 iuvenilibus
711 4601 900 4700 puellarum
933 4607 1068 4674 artubus
1095 4618 1290 4675 contaetus,
1326 4590 1426 4689 plane

312 4722 465 4829 desipere
492 4732 613 4827 eoepit.
650 4727 734 4808 Ille·
756 4733 849 4802 venia
879 4727 1023 4802 monadi
1049 4726 1287 4794 allsaeltmana
1313 4718 1425 4813 potita,
1440 4716 1490 4797 ⁴⁰·
