3609 5817
367 681 453 765 tt8
714 677 805 766 Lsn.
837 674 897 766 ll.
927 675 1028 768 Car.
1058 637 1122 768 VJ

368 899 453 966 tuna,
473 895 505 949 et
526 885 603 964 inre,
623 896 654 950 et
675 889 771 969 patris
797 891 974 962 voluntate,
995 889 1167 972 populique
1190 889 1325 950 uniuersi
1343 911 1472 954 consess.

366 1017 401 1052 su
423 994 573 1076 potioris,
597 993 634 1054 ab
664 1003 745 1056 astro
765 995 919 1058 Bbaratae
943 995 1036 1056 rratali
1054 1003 1231 1077 superatur.
1272 995 1360 1059 llaec
1380 1019 1472 1080 repa.

367 1108 478 1177 tantes,
502 1100 562 1160 iarn
585 1121 647 1161 non
667 1101 796 1184 amplias
817 1103 1003 1165 mirabimur
1016 1101 1109 1164 buius
1131 1101 1238 1164 sideris
1258 1123 1373 1166 nomen
1383 1104 1474 1168 toties

366 1207 543 1288 repetitum.
565 1208 651 1288 (Cap.
673 1208 724 1286 lV,
747 1208 775 1273 2.
798 1208 848 1274 90.
870 1206 922 1274 32.
941 1207 992 1274 39.
1011 1208 1082 1286 vlt,
1103 1205 1295 1286 10.vl11,9.
1316 1210 1405 1286 xlv,
1422 1207 1472 1276 4⁰.

364 1313 435 1390 XV,
459 1311 501 1387 3.)
540 1313 585 1374 Ex
606 1320 675 1373 toto
699 1314 884 1376 narrationis
899 1323 1011 1376 tenore
1031 1313 1199 1397 colligitur,
1220 1320 1374 1396 qnantum
1393 1334 1472 1397 pon-

365 1417 446 1478 deris
470 1418 661 1500 astrologicis
691 1419 863 1482 rationibus
896 1420 1044 1483 tribuerit
1073 1423 1184 1503 poita,
1203 1427 1236 1481 et
1255 1441 1350 1503 quem
1370 1421 1472 1504 probe

364 1547 487 1588 memor
507 1525 603 1586 luerit
623 1545 752 1601 eorum,
774 1547 855 1609 quae
882 1525 922 1588 de
944 1526 1094 1588 natalibus
1114 1525 1250 1586 fratrum
1270 1523 1471 1607 praedicave-

366 1641 415 1693 rat
437 1634 467 1693 in
490 1632 562 1694 libri
590 1632 683 1714 primi
705 1632 807 1714 capite
838 1632 1077 1718 undevigesimo,
1117 1633 1166 1695 At
1188 1654 1260 1694 enm
1278 1631 1382 1694 laeum
1400 1631 1471 1694 bro-

365 1741 446 1802 viter
467 1740 592 1817 monui,
613 1761 753 1802 censores
775 1740 952 1825 Bengalicos
967 1739 1096 1804 disticha
1110 1739 1240 1823 aliquot,
1262 1738 1375 1821 quibus
1395 1739 1472 1802 coeti

364 1857 504 1929 aspectus
536 1857 566 1908 et
588 1856 710 1929 tempus
744 1848 891 1910 natalium
912 1855 1057 1910 accurate
1077 1846 1237 1920 delinitur,
1260 1846 1393 1912 eiecisse.
1434 1851 1472 1908 nt

365 1977 449 2016 nunc
470 1953 592 2016 demam
613 1954 783 2037 intelligent
807 1957 964 2034 lectores,
985 1961 1103 2037 quanto
1124 1974 1196 2015 cum
1217 1951 1332 2016 damno
1354 1953 1472 2036 perspi-

366 2064 501 2136 cuitatis,
524 2064 696 2146 ingeniosae
715 2062 931 2126 concinnitatis
953 2072 985 2124 et
997 2061 1232 2124 convenientiae
1245 2061 1382 2143 partium
1401 2081 1471 2122 cars

365 2171 455 2232 minis
477 2172 537 2231 boc
560 2175 676 2234 lectam
698 2173 746 2239 sit.
789 2174 825 2233 ln
848 2173 932 2234 bisce
953 2193 1081 2256 quoque
1110 2171 1280 2254 capitibus,
1301 2169 1342 2232 de
1362 2169 1471 2254 qussrus

365 2299 449 2338 none
472 2278 607 2362 agimus,
630 2281 725 2342 iidem
755 2301 897 2342 censores
921 2279 1006 2340 hand
1037 2299 1138 2360 pauca
1165 2287 1221 2338 out
1240 2285 1404 2340 mutarunt
1419 2286 1471 2340 aut

365 2387 575 2461 sustulerunt;
601 2411 714 2472 parum
741 2398 843 2450 tamen
865 2388 925 2449 sibi
952 2395 1134 2463 constantes,
1158 2385 1321 2446 Cbaitrum
1342 2407 1472 2448 mensem

366 2506 398 2558 et
418 2497 567 2557 Pusbium
586 2496 669 2558 sidus
692 2494 859 2557 identidem
878 2502 1084 2555 memoratum
1109 2493 1181 2554 loco
1202 2513 1266 2555 non
1285 2496 1467 2553 moverunt:

366 2625 465 2685 quae,
488 2603 602 2666 omissis
621 2604 803 2685 prioribus,
826 2623 888 2663 non
909 2600 1045 2679 babent,
1066 2621 1129 2682 quo
1150 2599 1335 2664 reserantur.
1376 2597 1470 2660 Prae-

367 2717 453 2770 terea
474 2709 564 2770 buius
581 2717 681 2770 sectae
694 2708 815 2786 codices
835 2729 1026 2791 magnopere
1039 2707 1176 2783 variant,
1197 2703 1398 2768 econtrario
1418 2701 1470 2786 qui

368 2823 650 2878 cornmentatoraun
673 2818 837 2879 lectionem
857 2817 1011 2898 exhibent,
1031 2817 1072 2882 ed
1094 2817 1223 2879 verbum
1246 2815 1329 2880 inter
1346 2835 1381 2880 se
1399 2832 1469 2878 eon·

369 2919 497 3000 spirant.

811 3505 959 3573 CAPUT
985 3507 1025 3572 V.

577 3731 738 3823 lanne
777 3763 966 3828 resumam
1000 3763 1258 3830 onusnaruar.

321 4009 347 4050 ¹·
481 3997 570 4078 llcx,
602 4017 780 4092 postquam
803 4001 940 4069 bimam
971 4003 1152 4073 edocuerat
1181 4004 1226 4072 de
1264 4031 1337 4078 cras
1361 4011 1467 4084 latura

362 4123 630 4202 consecratione,
667 4127 860 4216 magistram
886 4127 1085 4221 religionum
1117 4131 1329 4200 l'asisbtbam
1362 4135 1467 4206 adse

320 4260 531 4312 momontum
548 4247 665 4313 talibus
688 4249 818 4317 ellatur:
844 4251 941 4320 Vade
955 4280 1026 4347 age,
1051 4259 1267 4338 sanctissime,
1292 4259 1359 4326 iam
1379 4285 1470 4330 nune

361 4367 478 4435 ordina
501 4373 557 4466 pio
586 4373 807 4441 Cacustbidao
836 4377 996 4444 ieiunium
1024 4405 1088 4472 pro
1111 4383 1214 4475 ipsius
1240 4381 1347 4450 salute
1370 4403 1469 4480 etque

317 4492 344 4558 5.
361 4490 501 4580 imperio
534 4495 753 4588 adipiscendo
788 4524 863 4564 cunt
889 4525 994 4568 auore
1029 4505 1237 4571 servandum.
1303 4505 1467 4576 Annaeus

360 4611 421 4674 bae
447 4615 489 4680 de
515 4645 551 4684 rc
579 4623 724 4716 principi
751 4624 951 4690 venerabilis
967 4628 1169 4708 Vasisbtbas‚
1195 4627 1470 4700 voluminumsa-

357 4755 490 4804 crorum
516 4743 743 4834 peritissimus,
769 4746 841 4840 ipse
869 4747 913 4816 ad
939 4749 1060 4820 Rtmae
1087 4749 1325 4820 habitationem
1349 4753 1470 4848 prele-
