3609 5817
483 730 562 814 tet
782 719 873 808 Lu.
904 716 940 807 1.
975 711 1081 809 Car.
1107 712 1275 808 XLIV.
1370 713 1384 724 ‘

420 965 552 1012 nusum
578 963 691 1006 omnes
725 938 759 1005 hi
782 938 899 1030 proavi
923 937 999 1003 mei.
1051 934 1186 1004 Prolem
1208 954 1356 1029 quoque,
1380 931 1485 1013 Dite,
1504 929 1588 998 dara

478 1063 584 1143 velis,
611 1088 654 1129 ne
680 1065 820 1129 intereat
842 1062 999 1155 prosapia
1021 1078 1150 1129 neutra:
1200 1054 1454 1126 lxvdeuidarum'
1474 1056 1590 1150 stirpis

420 1186 580 1278 „pratia
606 1182 807 1284 concedatur
844 1184 926 1250 mihi
952 1181 1078 1252 donum
1118 1182 1185 1249 hoc
1216 1180 1355 1274 insigne.
1403 1177 1470 1246 vix
1493 1176 1590 1272 loqui

468 1306 627 1384 ,desierat
650 1331 727 1392 rex,
761 1333 865 1401 quum
901 1308 1001 1375 totius
1032 1306 1151 1374 mundi
1182 1327 1320 1398 magnus
1346 1303 1470 1369 Pareua
1504 1325 1589 1369 voco

421 1429 591 1511 23‚dulci,
617 1428 809 1513 dulcisona,
835 1430 977 1499 faustum
1000 1428 1172 1499 oraculum
1196 1430 1228 1497 ei
1252 1424 1376 1494 edidit:
1426 1424 1590 1518 Magnum

481 1569 532 1618 est
562 1548 655 1642 quod
687 1570 781 1644 optas
793 1602 804 1634 ,
843 1550 967 1620 eurulis
999 1550 1143 1619 bellator
1174 1548 1381 1644 Bhugtrathc.
1440 1546 1489 1614 ita
1512 1542 1589 1615 fiat!

350 1706 362 1758 1
425 1673 578 1762 24.Salve
605 1674 705 1757 milri,
747 1676 859 1769 stirpis
903 1674 1154 1743 lxvdcuidarum
1196 1669 1369 1743 columen!
1442 1670 1497 1737 En
1528 1670 1592 1739 tibi

482 1796 666 1888 nympham
691 1794 857 1889 Gangam,
879 1795 981 1863 filiam
1002 1796 1204 1863 Himavantis
1225 1812 1306 1863 natu
1329 1793 1512 1878 maiorem
1538 1790 1594 1860 di-

483 1918 578 1986 vinus
611 1917 704 1986 Siras
735 1938 786 1987 est
818 1915 1070 2015 propitiandus,
1103 1941 1125 1985 o
1156 1914 1234 1985 rex!
1270 1934 1307 1984 ut
1344 1917 1432 1983 hane
1464 1917 1593 1986 vertice

425 2051 476 2115 25.
484 2045 639 2135 excipere
664 2041 751 2109 velit
801 2040 919 2110 Tellus
944 2043 1033 2110 euim
1054 2040 1189 2134 Gangre
1212 2040 1248 2106 in
1272 2061 1437 2134 praecepa
1463 2039 1593 2106 ruentia

484 2167 646 2257 impetum
669 2165 832 2232 ausduere
847 2165 981 2258 nequit3
1013 2187 1126 2258 neque
1151 2161 1252 2229 aliam
1273 2161 1372 2231 rideo
1395 2162 1477 2230 huie
1499 2163 1592 2230 exei-

427 2286 629 2380 ffipiendae
663 2312 781 2381 parem
814 2306 949 2381 praeter
981 2284 1255 2354 Tridentiserum.
1338 2284 1387 2352 lta
1418 2282 1590 2352 admonito

484 2435 582 2502 rege,
604 2410 754 2505 Gangem
790 2408 915 2480 deinde
947 2411 1155 2491 cohortatus,
1191 2407 1308 2476 mundi
1334 2425 1465 2476 creator
1487 2405 1590 2474 rediit

484 2533 519 2597 in
546 2529 643 2601 sedes
668 2534 847 2615 aetherias,
873 2556 949 2602 eum
974 2531 1129 2600 omnibus
1153 2527 1240 2598 divis
1256 2530 1510 2623 Ventorumque
1535 2549 1590 2596 eo·

484 2654 589 2724 horte.

882 3089 1032 3158 CAPUT
1081 3088 1197 3157 XLW.

701 3298 917 3395 Numanae
943 3324 1115 3394 caueto
1141 3325 1379 3393 procursus.

454 3671 479 3711 ,ο
585 3630 764 3722 Postquam
799 3631 926 3699 abierat
958 3632 1088 3723 genitor
1118 3629 1350 3710 animantium,
1379 3647 1440 3695 rex
1464 3627 1586 3723 pollice

488 3747 584 3843 pedis
607 3770 754 3820 extremo
784 3753 953 3822 interrae
989 3753 1098 3821 solum
1121 3752 1241 3836 infixo,
1278 3753 1445 3846 integrum
1467 3779 1595 3822 annum·

451 3906 479 3948 2.
488 3872 696 3967 perduravit:
721 3853 867 3942 imehiia
889 3900 1020 3944 sursum
1049 3877 1230 3971 porrectio,
1251 3877 1323 3943 aine
1348 3876 1594 3959 matennculm·

488 4009 599 4063 aerem
623 4021 685 4089 pro
712 3998 789 4066 cibo
819 4018 974 4092 captans,
999 4001 1069 4067 aine
1097 4018 1183 4069 tecto
1195 4050 1206 4082 ‚
1242 3996 1440 4080 immobilia,
1469 4001 1588 4095 stipitis

447 4124 478 4187 3.
488 4122 589 4186 instar
614 4138 761 4203 erectus,
786 4140 888 4194 noctu
903 4122 1029 4217 diuque
1051 4125 1220 4193 insomnis.
1268 4123 1384 4205 Tunc,
1409 4146 1498 4191 enne
1512 4147 1588 4218 per·

486 4262 580 4326 aeto,
611 4244 717 4311 Umae
750 4249 906 4330 maritus,
942 4246 1111 4342 pecudum
1141 4245 1244 4332 altor,
1277 4272 1379 4342 quem
1415 4248 1587 4317 universus

448 4368 577 4449 4orbis
598 4364 733 4451 adorat,
764 4367 884 4438 talibus
909 4368 1020 4438 affatur
1047 4390 1097 4439 est
1122 4371 1372 4463 Bhagimthem:
1421 4372 1587 4465 Propitius

487 4488 546 4553 tibi
571 4516 661 4571 sum,
683 4493 734 4559 vir
758 4494 903 4587 optime3
928 4493 1104 4585 gratificari
1135 4494 1196 4559 tibi
1220 4492 1315 4563 volo:
1340 4492 1504 4586 excipiam
1527 4515 1586 4586 ege

447 4612 607 4681 &vertice
633 4617 794 4683 montium
816 4619 903 4711 regis
929 4616 1037 4684 filiam.
1101 4616 1233 4685 Deinde
1267 4641 1451 4686 conscenso
1477 4619 1586 4685 liima-

485 4738 589 4803 ventis
622 4739 750 4833 fastigio
782 4740 865 4810 dous
896 4767 1010 4812 rerum
1043 4762 1181 4838 potens,
1220 4738 1422 4837 Praecipio!
1460 4743 1582 4836 inquit,
