3609 5817
295 721 300 730 ·
440 694 526 778 250
795 684 884 775 Lm.
906 682 966 776 11.
997 679 1099 777 Cur.
1117 683 1176 779 V.
1316 749 1321 756 -

382 906 599 978 turoneum.
650 903 723 972 lice
744 901 800 971 ‹lie
823 906 903 973 vicis
923 906 1019 973 tersis
1040 923 1076 972 ct
1101 931 1187 998 aqua
1208 903 1357 974 irroratis
1378 921 1448 974 tota
1468 905 1548 974 urbs

440 1029 535 1098 sertis
561 1028 681 1096 llorum
703 1025 922 1108 silvestrium,
954 1026 1150 1122 vexillisque
1180 1053 1199 1096 e
1234 1025 1396 1096 domuum
1419 1028 1548 1124 fastigio

380 1150 575 1248 rpsublntis
609 1169 679 1219 erat
712 1169 836 1220 oruata.
896 1152 987 1218 Tum
1012 1149 1114 1246 plebs
1144 1153 1273 1222 urbana
1306 1176 1386 1221 cum
1416 1153 1547 1246 agmine

437 1272 597 1342 muliebri
619 1300 658 1342 ac
686 1271 824 1367 puerili,
855 1274 976 1342 Rimas
1010 1275 1295 1344 consecrationem
1318 1294 1450 1371 optans,
1470 1273 1549 1346 solis

377 1422 425 1470 ao.
438 1418 548 1468 ortum
572 1399 669 1466 anxie
691 1395 912 1492 exspectabat.
961 1395 1090 1491 Vulgus
1111 1397 1287 1492 impatiens
1313 1417 1387 1470 erat
1409 1397 1548 1470 vidndi

437 1546 595 1615 maguum
618 1522 655 1590 in
680 1520 946 1616 urbeAybdlrys
969 1520 1090 1590 festum
1113 1519 1251 1615 publico
1277 1517 1370 1590 cultu
1396 1521 1549 1592 celebra·

376 1664 519 1728 sutum,
545 1647 734 1739 civiumque
761 1643 952 1714 felicitatem
966 1662 1149 1714 aucturum.
1197 1645 1265 1712 Per
1287 1643 1438 1740 platesm
1461 1661 1549 1716 tanta

437 1767 624 1868 frequentin
656 1785 855 1838 coarctatam
884 1791 1055 1837 sacrorum
1078 1767 1233 1851 antistes,
1265 1767 1303 1836 in
1337 1765 1420 1838 dms
1456 1767 1549 1864 quasi

437 1893 526 1963 acies
552 1890 752 1987 dispertiens
777 1891 920 1973 turbam,
946 1893 1070 1959 sensim
1093 1887 1139 1960 acl
1160 1889 1298 1959 domum
1316 1893 1444 1988 regiam
1467 1917 1547 1986 prc-

374 2040 425 2088 π.
438 2039 568 2110 gressus
594 2031 654 2084 est.
704 2013 900 2086 Conscenso
925 2015 1054 2110 fastigio
1076 2015 1161 2086 nubi
1184 2015 1221 2081 in
1245 2013 1381 2082 aethere
1406 2037 1547 2110 suspen-

437 2163 494 2208 sae
528 2137 646 2221 simili,
677 2140 816 2208 accessit
850 2137 895 2208 ad
919 2140 1112 2234 principem
1143 2156 1302 2233 tanquam
1330 2139 1546 2234 Vribasputes

374 2260 481 2337 sind
515 2259 651 2332 Sucuux
685 2261 878 2351 (Indram).
934 2266 1008 2334 Rex
1034 2263 1267 2336 adventantem
1299 2266 1547 2360 quamprimum

438 2387 632 2477 conspexit,
657 2386 741 2456 solio
766 2386 884 2458 relicto
909 2404 1160 2483 percunctatur,
1185 2387 1243 2460 ille
1267 2410 1348 2456 vern
1365 2413 1443 2456 rem
1465 2411 1547 2482 per-

375 2518 544 2598 ,μείω
578 2509 610 2577 ei
646 2513 815 2580 nuntiavit.
881 2513 973 2580 Tmn
996 2515 1125 2605 pariter
1149 2537 1189 2581 ac
1209 2513 1370 2608 princeps
1391 2511 1546 2582 auliciei

437 2632 624 2703 assidentes
650 2632 849 2704 nsedilibus
871 2633 939 2702 suis
962 2657 1147 2716 surrexere,
1171 2653 1209 2704 ut
1232 2634 1412 2702 antistitem
1435 2657 1545 2704 sueru-

374 2759 512 2827 25.rum
541 2772 791 2826 venerarentur.
846 2757 918 2824 Rex
950 2773 1061 2828 autem
1094 2756 1299 2827 discessurus
1335 2783 1355 2826 a
1387 2759 1545 2853 magistre

436 2857 603 2964 salutatus,
627 2896 725 2946 coetu
748 2877 923 2947 hominum
943 2878 1080 2951 dimisso
1105 2882 1141 2948 in
1165 2907 1370 2979 gynaeceum
1390 2905 1428 2952 se
1451 2905 1546 2952 rece·

435 3003 496 3095 pit,
522 3017 679 3094 tanquam
701 2998 756 3070 leo
781 3001 817 3070 in
842 3001 1040 3098 speluncam
1063 3022 1263 3074 montanam.

373 3143 424 3211 26,
534 3122 574 3192 Iu
595 3121 697 3192 aedes
715 3126 803 3208 istus,
829 3125 928 3194 turba
950 3125 1108 3196 muliebri
1132 3127 1223 3200 laute
1245 3129 1361 3199 uestita
1384 3127 1545 3224 [sequeu-

434 3264 505 3328 ιιι,
533 3249 644 3342 magni
675 3244 796 3314 Indrae
829 3249 897 3315 urci
924 3248 1188 3344 comparabiles,
1218 3252 1545 3334 intravissemus

434 3370 525 3442 clarc
553 3399 607 3442 eas
630 3371 891 3457 illuminaturus,
921 3400 1023 3472 quatu
1055 3375 1170 3446 Lunus
1189 3373 1308 3474 pulum
1333 3373 1442 3450 denso
1465 3371 1547 3450 stel-

434 3491 541 3563 larum
569 3497 699 3591 agmine
716 3497 871 3568 cinctum.
