<?xml version="1.0" encoding="UTF-8"?>
<!DOCTYPE html PUBLIC "-//W3C//DTD XHTML 1.0 Transitional//EN"
    "http://www.w3.org/TR/xhtml1/DTD/xhtml1-transitional.dtd">
<html xmlns="http://www.w3.org/1999/xhtml" xml:lang="en" lang="en">
 <head>
  <title>
</title>
<meta http-equiv="Content-Type" content="text/html;charset=utf-8" />
  <meta name='ocr-system' content='tesseract 3.04.00' />
  <meta name='ocr-capabilities' content='ocr_page ocr_carea ocr_par ocr_line ocrx_word'/>
</head>
<body>
  <div class='ocr_page' id='page_1' title='image "./ramayanaidestca00vlgoog_0069.png"; bbox 0 0 3609 5817; ppageno 0'>
   <div class='ocr_carea' id='block_1_1' title="bbox 520 720 1427 826">
    <p class='ocr_par' dir='ltr' id='par_1_1' title="bbox 520 720 1427 826">
     <span class='ocr_line' id='line_1_1' title="bbox 520 720 1427 826; baseline -0.001 -13"><span class='ocrx_word' id='word_1_1' title='bbox 520 720 743 815; x_wconf 83' lang='lat' dir='ltr'>Saenmcn</span> <span class='ocrx_word' id='word_1_2' title='bbox 771 744 916 826; x_wconf 71' lang='lat' dir='ltr'>anuum</span> <span class='ocrx_word' id='word_1_3' title='bbox 945 744 1251 812; x_wconf 81' lang='lat' dir='ltr'>cousunuano.</span> <span class='ocrx_word' id='word_1_4' title='bbox 1374 735 1427 812; x_wconf 77' lang='lat'>55</span> 
     </span>
    </p>
   </div>
   <div class='ocr_carea' id='block_1_2' title="bbox 324 936 1592 2264">
    <p class='ocr_par' dir='ltr' id='par_1_2' title="bbox 324 936 1592 2264">
     <span class='ocr_line' id='line_1_2' title="bbox 328 936 1488 1035; baseline -0.003 -25"><span class='ocrx_word' id='word_1_5' title='bbox 328 938 520 1035; x_wconf 74' lang='lat' dir='ltr'>sapientum</span> <span class='ocrx_word' id='word_1_6' title='bbox 551 938 650 1008; x_wconf 81' lang='lat' dir='ltr'>aldus.</span> <span class='ocrx_word' id='word_1_7' title='bbox 699 942 786 1008; x_wconf 80' lang='lat' dir='ltr'>Area</span> <span class='ocrx_word' id='word_1_8' title='bbox 811 936 854 1006; x_wconf 91' lang='lat' dir='ltr'>ad</span> <span class='ocrx_word' id='word_1_9' title='bbox 878 937 1066 1006; x_wconf 88' lang='lat' dir='ltr'>mactandas</span> <span class='ocrx_word' id='word_1_10' title='bbox 1092 937 1213 1008; x_wconf 75' lang='lat' dir='ltr'>boetius</span> <span class='ocrx_word' id='word_1_11' title='bbox 1237 941 1311 1035; x_wconf 78' lang='lat' dir='ltr'>regi</span> <span class='ocrx_word' id='word_1_12' title='bbox 1337 938 1427 1009; x_wconf 91' lang='lat' dir='ltr'>ordi·</span> <span class='ocrx_word' id='word_1_13' title='bbox 1442 948 1488 1011; x_wconf 79' lang='lat'>30.</span> 
     </span>
     <span class='ocr_line' id='line_1_3' title="bbox 327 1060 1428 1159; baseline 0 -28"><span class='ocrx_word' id='word_1_14' title='bbox 327 1083 399 1132; x_wconf 88' lang='lat' dir='ltr'>nata</span> <span class='ocrx_word' id='word_1_15' title='bbox 424 1063 487 1132; x_wconf 85' lang='lat' dir='ltr'>suit</span> <span class='ocrx_word' id='word_1_16' title='bbox 512 1090 530 1130; x_wconf 93' lang='lat' dir='ltr'>a</span> <span class='ocrx_word' id='word_1_17' title='bbox 560 1060 786 1132; x_wconf 85' lang='lat' dir='ltr'>sacerdotibus</span> <span class='ocrx_word' id='word_1_18' title='bbox 818 1064 934 1159; x_wconf 89' lang='lat' dir='ltr'>peritis</span> <span class='ocrx_word' id='word_1_19' title='bbox 959 1065 993 1132; x_wconf 89' lang='lat' dir='ltr'>in</span> <span class='ocrx_word' id='word_1_20' title='bbox 1024 1063 1163 1131; x_wconf 83' lang='lat' dir='ltr'>formam</span> <span class='ocrx_word' id='word_1_21' title='bbox 1188 1062 1336 1158; x_wconf 80' lang='lat' dir='ltr'>aquilae,</span> <span class='ocrx_word' id='word_1_22' title='bbox 1369 1066 1428 1131; x_wconf 89' lang='lat' dir='ltr'>tri·</span> 
     </span>
     <span class='ocr_line' id='line_1_4' title="bbox 327 1179 1427 1282; baseline -0.002 -27"><span class='ocrx_word' id='word_1_23' title='bbox 327 1185 407 1282; x_wconf 80' lang='lat' dir='ltr'><strong>plici</strong></span> <span class='ocrx_word' id='word_1_24' title='bbox 423 1187 509 1253; x_wconf 82' lang='lat' dir='ltr'>serie</span> <span class='ocrx_word' id='word_1_25' title='bbox 527 1203 662 1254; x_wconf 86' lang='lat' dir='ltr'>octonas</span> <span class='ocrx_word' id='word_1_26' title='bbox 681 1182 783 1253; x_wconf 90' lang='lat' dir='ltr'>denas</span> <span class='ocrx_word' id='word_1_27' title='bbox 800 1187 936 1255; x_wconf 82' lang='lat' dir='ltr'>serobes</span> <span class='ocrx_word' id='word_1_28' title='bbox 960 1186 1155 1255; x_wconf 85' lang='lat' dir='ltr'>sacrificales</span> <span class='ocrx_word' id='word_1_29' title='bbox 1174 1185 1359 1254; x_wconf 84' lang='lat' dir='ltr'>exhibentis</span> <span class='ocrx_word' id='word_1_30' title='bbox 1382 1179 1427 1270; x_wconf 76' lang='grc'>6).</span> 
     </span>
     <span class='ocr_line' id='line_1_5' title="bbox 324 1305 1489 1402; baseline -0.001 -24"><span class='ocrx_word' id='word_1_31' title='bbox 324 1306 483 1400; x_wconf 72' lang='lat' dir='ltr'>dlligatae</span> <span class='ocrx_word' id='word_1_32' title='bbox 508 1306 557 1373; x_wconf 91' lang='lat' dir='ltr'>ibi</span> <span class='ocrx_word' id='word_1_33' title='bbox 578 1322 673 1373; x_wconf 89' lang='lat' dir='ltr'>erant</span> <span class='ocrx_word' id='word_1_34' title='bbox 696 1305 836 1388; x_wconf 86' lang='lat' dir='ltr'>hostiae,</span> <span class='ocrx_word' id='word_1_35' title='bbox 861 1306 998 1402; x_wconf 81' lang='lat' dir='ltr'>singulis</span> <span class='ocrx_word' id='word_1_36' title='bbox 1021 1307 1211 1375; x_wconf 83' lang='lat' dir='ltr'><strong>numinibus</strong></span> <span class='ocrx_word' id='word_1_37' title='bbox 1237 1306 1427 1391; x_wconf 74' lang='lat' dir='ltr'><strong>destinatae,</strong></span> <span class='ocrx_word' id='word_1_38' title='bbox 1440 1315 1489 1377; x_wconf 75' lang='lat' dir='ltr'>tr.</span> 
     </span>
     <span class='ocr_line' id='line_1_6' title="bbox 324 1426 1427 1524; baseline -0.001 -26"><span class='ocrx_word' id='word_1_39' title='bbox 324 1430 446 1498; x_wconf 84' lang='lat' dir='ltr'>bestiae</span> <span class='ocrx_word' id='word_1_40' title='bbox 472 1426 649 1524; x_wconf 87' lang='lat' dir='ltr'>aquatiles,</span> <span class='ocrx_word' id='word_1_41' title='bbox 683 1447 850 1511; x_wconf 86' lang='lat' dir='ltr'>terrenae,</span> <span class='ocrx_word' id='word_1_42' title='bbox 883 1447 916 1497; x_wconf 90' lang='lat' dir='ltr'>ct</span> <span class='ocrx_word' id='word_1_43' title='bbox 937 1439 1046 1496; x_wconf 69' lang='lat' dir='ltr'>acrem</span> <span class='ocrx_word' id='word_1_44' title='bbox 1070 1445 1302 1523; x_wconf 79' lang='lat' dir='ltr'>pervagantes,</span> <span class='ocrx_word' id='word_1_45' title='bbox 1334 1429 1427 1498; x_wconf 82' lang='lat' dir='ltr'>volu·</span> 
     </span>
     <span class='ocr_line' id='line_1_7' title="bbox 325 1550 1490 1647; baseline -0.003 -25"><span class='ocrx_word' id='word_1_46' title='bbox 325 1576 395 1622; x_wconf 85' lang='lat' dir='ltr'>eres</span> <span class='ocrx_word' id='word_1_47' title='bbox 424 1550 583 1647; x_wconf 80' lang='lat' dir='ltr'>aligerae,</span> <span class='ocrx_word' id='word_1_48' title='bbox 608 1568 642 1619; x_wconf 91' lang='lat' dir='ltr'>et</span> <span class='ocrx_word' id='word_1_49' title='bbox 668 1576 886 1646; x_wconf 89' lang='lat' dir='ltr'>quaecunque</span> <span class='ocrx_word' id='word_1_50' title='bbox 912 1570 987 1619; x_wconf 91' lang='lat' dir='ltr'>sunt</span> <span class='ocrx_word' id='word_1_51' title='bbox 1008 1553 1096 1619; x_wconf 83' lang='lat' dir='ltr'>ferae</span> <span class='ocrx_word' id='word_1_52' title='bbox 1122 1551 1303 1636; x_wconf 74' lang='lat' dir='ltr'>silvaticae,</span> <span class='ocrx_word' id='word_1_53' title='bbox 1323 1559 1490 1647; x_wconf 75' lang='lat' dir='ltr'>porrois.</span> 
     </span>
     <span class='ocr_line' id='line_1_8' title="bbox 325 1675 1429 1771; baseline 0.003 -28"><span class='ocrx_word' id='word_1_54' title='bbox 325 1679 430 1744; x_wconf 69' lang='lat' dir='ltr'>auiae</span> <span class='ocrx_word' id='word_1_55' title='bbox 451 1678 576 1745; x_wconf 85' lang='lat' dir='ltr'>bestiae</span> <span class='ocrx_word' id='word_1_56' title='bbox 594 1677 686 1743; x_wconf 87' lang='lat' dir='ltr'>humi</span> <span class='ocrx_word' id='word_1_57' title='bbox 703 1695 894 1771; x_wconf 80' lang='lat' dir='ltr'>serpentes3</span> <span class='ocrx_word' id='word_1_58' title='bbox 920 1677 1026 1743; x_wconf 83' lang='lat' dir='ltr'>variae</span> <span class='ocrx_word' id='word_1_59' title='bbox 1041 1675 1164 1746; x_wconf 85' lang='lat' dir='ltr'>laerbac</span> <span class='ocrx_word' id='word_1_60' title='bbox 1182 1701 1316 1771; x_wconf 86' lang='lat' dir='ltr'>quoque</span> <span class='ocrx_word' id='word_1_61' title='bbox 1335 1697 1429 1747; x_wconf 88' lang='lat' dir='ltr'>erant</span> 
     </span>
     <span class='ocr_line' id='line_1_9' title="bbox 324 1799 1491 1894; baseline 0.003 -27"><span class='ocrx_word' id='word_1_62' title='bbox 324 1819 509 1894; x_wconf 87' lang='lat' dir='ltr'>apparatae.</span> <span class='ocrx_word' id='word_1_63' title='bbox 557 1799 773 1893; x_wconf 80' lang='lat' dir='ltr'>Eligebantur</span> <span class='ocrx_word' id='word_1_64' title='bbox 796 1802 951 1879; x_wconf 89' lang='lat' dir='ltr'>nimirum</span> <span class='ocrx_word' id='word_1_65' title='bbox 977 1826 995 1866; x_wconf 89' lang='lat' dir='ltr'>e</span> <span class='ocrx_word' id='word_1_66' title='bbox 1017 1801 1204 1892; x_wconf 75' lang='lat' dir='ltr'>praeceptis</span> <span class='ocrx_word' id='word_1_67' title='bbox 1230 1803 1331 1871; x_wconf 82' lang='lat' dir='ltr'>sactis</span> <span class='ocrx_word' id='word_1_68' title='bbox 1357 1806 1491 1871; x_wconf 75' lang='lat' dir='ltr'>ani-35.</span> 
     </span>
     <span class='ocr_line' id='line_1_10' title="bbox 325 1923 1428 2019; baseline -0.001 -27"><span class='ocrx_word' id='word_1_69' title='bbox 325 1924 420 1992; x_wconf 86' lang='lat' dir='ltr'>naalia</span> <span class='ocrx_word' id='word_1_70' title='bbox 442 1948 595 2019; x_wconf 83' lang='lat' dir='ltr'>quaeque</span> <span class='ocrx_word' id='word_1_71' title='bbox 620 1925 671 1991; x_wconf 86' lang='lat' dir='ltr'>sui</span> <span class='ocrx_word' id='word_1_72' title='bbox 694 1924 825 2019; x_wconf 85' lang='lat' dir='ltr'>generis</span> <span class='ocrx_word' id='word_1_73' title='bbox 852 1924 977 2016; x_wconf 85' lang='lat' dir='ltr'>eapita;</span> <span class='ocrx_word' id='word_1_74' title='bbox 1003 1940 1096 1990; x_wconf 90' lang='lat' dir='ltr'>erant</span> <span class='ocrx_word' id='word_1_75' title='bbox 1114 1940 1222 1988; x_wconf 87' lang='lat' dir='ltr'>autem</span> <span class='ocrx_word' id='word_1_76' title='bbox 1241 1924 1276 1988; x_wconf 92' lang='lat' dir='ltr'>in</span> <span class='ocrx_word' id='word_1_77' title='bbox 1295 1923 1428 1991; x_wconf 84' lang='lat' dir='ltr'>univer-</span> 
     </span>
     <span class='ocr_line' id='line_1_11' title="bbox 324 2044 1592 2146; baseline 0.004 -34"><span class='ocrx_word' id='word_1_78' title='bbox 324 2070 395 2113; x_wconf 83' lang='lat' dir='ltr'>sum</span> <span class='ocrx_word' id='word_1_79' title='bbox 427 2064 593 2114; x_wconf 73' lang='lat' dir='ltr'>trecentae</span> <span class='ocrx_word' id='word_1_80' title='bbox 625 2047 750 2116; x_wconf 86' lang='lat' dir='ltr'>hostiae</span> <span class='ocrx_word' id='word_1_81' title='bbox 788 2044 951 2115; x_wconf 90' lang='lat' dir='ltr'>columnis</span> <span class='ocrx_word' id='word_1_82' title='bbox 991 2045 1174 2114; x_wconf 72' lang='lat' dir='ltr'>adstrictae.</span> <span class='ocrx_word' id='word_1_83' title='bbox 1233 2044 1347 2114; x_wconf 81' lang='lat' dir='ltr'>Stabat</span> <span class='ocrx_word' id='word_1_84' title='bbox 1380 2050 1490 2146; x_wconf 64' lang='lat' dir='ltr'>ibiid.</span> <span class='ocrx_word' id='word_1_85' title='bbox 1585 2078 1592 2088; x_wconf 84' lang='lat'><em>·</em></span> 
     </span>
     <span class='ocr_line' id='line_1_12' title="bbox 324 2166 1427 2264; baseline 0.001 -29"><span class='ocrx_word' id='word_1_86' title='bbox 324 2193 427 2263; x_wconf 84' lang='lat' dir='ltr'>equus</span> <span class='ocrx_word' id='word_1_87' title='bbox 449 2193 648 2264; x_wconf 79' lang='lat' dir='ltr'>generosus,</span> <span class='ocrx_word' id='word_1_88' title='bbox 672 2166 825 2237; x_wconf 77' lang='lat' dir='ltr'>tuauatus</span> <span class='ocrx_word' id='word_1_89' title='bbox 852 2169 1047 2263; x_wconf 83' lang='lat' dir='ltr'>cunctisque</span> <span class='ocrx_word' id='word_1_90' title='bbox 1068 2169 1257 2237; x_wconf 84' lang='lat' dir='ltr'>numinibus</span> <span class='ocrx_word' id='word_1_91' title='bbox 1279 2167 1427 2252; x_wconf 85' lang='lat' dir='ltr'>devotus,</span> 
     </span>
    </p>
   </div>
   <div class='ocr_carea' id='block_1_3' title="bbox 324 2288 1625 2383">
    <p class='ocr_par' dir='ltr' id='par_1_3' title="bbox 324 2288 1625 2383">
     <span class='ocr_line' id='line_1_13' title="bbox 324 2288 1625 2383; baseline 0.005 -28"><span class='ocrx_word' id='word_1_92' title='bbox 324 2313 422 2383; x_wconf 78' lang='lat' dir='ltr'>quem</span> <span class='ocrx_word' id='word_1_93' title='bbox 448 2288 598 2359; x_wconf 84' lang='lat' dir='ltr'>Causalia</span> <span class='ocrx_word' id='word_1_94' title='bbox 626 2315 738 2359; x_wconf 80' lang='lat' dir='ltr'>versus</span> <span class='ocrx_word' id='word_1_95' title='bbox 769 2288 937 2358; x_wconf 82' lang='lat' dir='ltr'>dexteram</span> <span class='ocrx_word' id='word_1_96' title='bbox 962 2289 1289 2359; x_wconf 84' lang='lat' dir='ltr'>circumambulatum</span> <span class='ocrx_word' id='word_1_97' title='bbox 1310 2291 1426 2361; x_wconf 83' lang='lat' dir='ltr'>sedulo</span> <span class='ocrx_word' id='word_1_98' title='bbox 1442 2308 1488 2369; x_wconf 81' lang='lat'>35.</span> <span class='ocrx_word' id='word_1_99' title='bbox 1619 2355 1625 2368; x_wconf 83' lang='lat'>‚</span> 
     </span>
    </p>
   </div>
   <div class='ocr_carea' id='block_1_4' title="bbox 324 2410 1489 2630">
    <p class='ocr_par' dir='ltr' id='par_1_4' title="bbox 324 2410 1489 2630">
     <span class='ocr_line' id='line_1_14' title="bbox 324 2410 1427 2506; baseline 0.004 -27"><span class='ocrx_word' id='word_1_100' title='bbox 324 2412 548 2482; x_wconf 70' lang='lat' dir='ltr'>cohonestavit</span> <span class='ocrx_word' id='word_1_101' title='bbox 584 2416 678 2481; x_wconf 88' lang='lat' dir='ltr'>sertis</span> <span class='ocrx_word' id='word_1_102' title='bbox 713 2411 888 2483; x_wconf 77' lang='lat' dir='ltr'>odoriferis</span> <span class='ocrx_word' id='word_1_103' title='bbox 923 2410 1061 2506; x_wconf 89' lang='lat' dir='ltr'>aliisque</span> <span class='ocrx_word' id='word_1_104' title='bbox 1093 2419 1317 2497; x_wconf 77' lang='lat' dir='ltr'>ornamentis3</span> <span class='ocrx_word' id='word_1_105' title='bbox 1358 2434 1427 2482; x_wconf 91' lang='lat' dir='ltr'>tum</span> 
     </span>
     <span class='ocr_line' id='line_1_15' title="bbox 325 2534 1489 2630; baseline -0.001 -26"><span class='ocrx_word' id='word_1_106' title='bbox 325 2538 475 2606; x_wconf 82' lang='lat' dir='ltr'>maetaait</span> <span class='ocrx_word' id='word_1_107' title='bbox 490 2560 565 2603; x_wconf 92' lang='lat' dir='ltr'>eum</span> <span class='ocrx_word' id='word_1_108' title='bbox 580 2536 684 2605; x_wconf 83' lang='lat' dir='ltr'>tribus</span> <span class='ocrx_word' id='word_1_109' title='bbox 701 2539 835 2606; x_wconf 81' lang='lat' dir='ltr'>ensibus</span> <span class='ocrx_word' id='word_1_110' title='bbox 851 2561 979 2606; x_wconf 87' lang='lat' dir='ltr'>summo</span> <span class='ocrx_word' id='word_1_111' title='bbox 997 2562 1071 2605; x_wconf 92' lang='lat' dir='ltr'>cum</span> <span class='ocrx_word' id='word_1_112' title='bbox 1086 2534 1205 2630; x_wconf 82' lang='lat' dir='ltr'>gaudio</span> <span class='ocrx_word' id='word_1_113' title='bbox 1226 2535 1270 2621; x_wconf 71' lang='grc' dir='ltr'>Ἰ).</span> <span class='ocrx_word' id='word_1_114' title='bbox 1296 2534 1426 2606; x_wconf 86' lang='lat' dir='ltr'>Deinde</span> <span class='ocrx_word' id='word_1_115' title='bbox 1440 2548 1489 2611; x_wconf 74' lang='grc'>56,</span> 
     </span>
    </p>
   </div>
   <div class='ocr_carea' id='block_1_5' title="bbox 367 2838 1431 3620">
    <p class='ocr_par' dir='ltr' id='par_1_5' title="bbox 367 2838 1431 3620">
     <span class='ocr_line' id='line_1_16' title="bbox 367 2838 1427 2927; baseline 0.003 -24"><span class='ocrx_word' id='word_1_116' title='bbox 367 2838 633 2923; x_wconf 67' lang='lat' dir='ltr'>mnacnptioai</span> <span class='ocrx_word' id='word_1_117' title='bbox 655 2842 727 2904; x_wconf 73' lang='lat' dir='ltr'>aaut</span> <span class='ocrx_word' id='word_1_118' title='bbox 755 2841 904 2903; x_wconf 87' lang='lat' dir='ltr'>obscurae</span> <span class='ocrx_word' id='word_1_119' title='bbox 926 2842 1042 2927; x_wconf 83' lang='lat' dir='ltr'>aliquid</span> <span class='ocrx_word' id='word_1_120' title='bbox 1064 2843 1139 2907; x_wconf 87' lang='lat' dir='ltr'>iocis</span> <span class='ocrx_word' id='word_1_121' title='bbox 1159 2843 1318 2908; x_wconf 76' lang='lat' dir='ltr'>affundere</span> <span class='ocrx_word' id='word_1_122' title='bbox 1339 2844 1427 2906; x_wconf 82' lang='lat' dir='ltr'>vide-</span> 
     </span>
     <span class='ocr_line' id='line_1_17' title="bbox 446 2940 1431 3030; baseline 0.002 -26"><span class='ocrx_word' id='word_1_123' title='bbox 446 2952 500 3004; x_wconf 86' lang='lat' dir='ltr'>tur</span> <span class='ocrx_word' id='word_1_124' title='bbox 519 2944 646 3018; x_wconf 79' lang='lat' dir='ltr'>Manna,</span> <span class='ocrx_word' id='word_1_125' title='bbox 672 2941 746 3002; x_wconf 90' lang='lat' dir='ltr'>dum</span> <span class='ocrx_word' id='word_1_126' title='bbox 759 2940 869 3003; x_wconf 87' lang='lat' dir='ltr'>eodem</span> <span class='ocrx_word' id='word_1_127' title='bbox 884 2943 1010 3007; x_wconf 89' lang='lat' dir='ltr'>nomino</span> <span class='ocrx_word' id='word_1_128' title='bbox 1026 2944 1122 3021; x_wconf 85' lang='lat' dir='ltr'>alitia,</span> <span class='ocrx_word' id='word_1_129' title='bbox 1144 2967 1207 3030; x_wconf 91' lang='lat' dir='ltr'>quo</span> <span class='ocrx_word' id='word_1_130' title='bbox 1227 2945 1360 3008; x_wconf 85' lang='lat' dir='ltr'>Vishnus</span> <span class='ocrx_word' id='word_1_131' title='bbox 1377 2967 1431 3006; x_wconf 81' lang='lat' dir='ltr'>vc·</span> 
     </span>
     <span class='ocr_line' id='line_1_18' title="bbox 444 3038 1430 3130; baseline 0.004 -29"><span class='ocrx_word' id='word_1_132' title='bbox 444 3039 534 3102; x_wconf 84' lang='lat' dir='ltr'>bitur</span> <span class='ocrx_word' id='word_1_133' title='bbox 554 3038 742 3118; x_wconf 67' lang='lat' dir='ltr'>(oman),</span> <span class='ocrx_word' id='word_1_134' title='bbox 765 3039 902 3126; x_wconf 74' lang='lat' dir='ltr'>designat</span> <span class='ocrx_word' id='word_1_135' title='bbox 924 3043 1085 3128; x_wconf 85' lang='lat' dir='ltr'>quoddam</span> <span class='ocrx_word' id='word_1_136' title='bbox 1105 3045 1181 3109; x_wconf 90' lang='lat' dir='ltr'>aciei</span> <span class='ocrx_word' id='word_1_137' title='bbox 1203 3067 1316 3130; x_wconf 78' lang='lat' dir='ltr'>genna,</span> <span class='ocrx_word' id='word_1_138' title='bbox 1337 3056 1430 3106; x_wconf 87' lang='lat' dir='ltr'>tenue</span> 
     </span>
     <span class='ocr_line' id='line_1_19' title="bbox 445 3140 1429 3228; baseline 0.003 -27"><span class='ocrx_word' id='word_1_139' title='bbox 445 3162 463 3201; x_wconf 95' lang='lat' dir='ltr'>a</span> <span class='ocrx_word' id='word_1_140' title='bbox 492 3140 598 3202; x_wconf 84' lang='lat' dir='ltr'>sronte</span> <span class='ocrx_word' id='word_1_141' title='bbox 623 3150 655 3201; x_wconf 89' lang='lat' dir='ltr'>et</span> <span class='ocrx_word' id='word_1_142' title='bbox 680 3161 698 3202; x_wconf 92' lang='lat' dir='ltr'>a</span> <span class='ocrx_word' id='word_1_143' title='bbox 726 3150 837 3224; x_wconf 74' lang='lat' dir='ltr'>tergo,</span> <span class='ocrx_word' id='word_1_144' title='bbox 876 3142 907 3203; x_wconf 91' lang='lat' dir='ltr'>in</span> <span class='ocrx_word' id='word_1_145' title='bbox 934 3143 1038 3206; x_wconf 87' lang='lat' dir='ltr'>medio</span> <span class='ocrx_word' id='word_1_146' title='bbox 1068 3144 1213 3208; x_wconf 85' lang='lat' dir='ltr'>latissime</span> <span class='ocrx_word' id='word_1_147' title='bbox 1244 3166 1429 3228; x_wconf 80' lang='lat' dir='ltr'>expansum:</span> 
     </span>
     <span class='ocr_line' id='line_1_20' title="bbox 443 3237 1430 3316; baseline 0.002 -16"><span class='ocrx_word' id='word_1_148' title='bbox 443 3239 503 3304; x_wconf 83' lang='lat' dir='ltr'>Da.</span> <span class='ocrx_word' id='word_1_149' title='bbox 520 3240 554 3300; x_wconf 83' lang='lat' dir='ltr'>S.</span> <span class='ocrx_word' id='word_1_150' title='bbox 570 3238 661 3316; x_wconf 87' lang='lat' dir='ltr'>Vlll,</span> <span class='ocrx_word' id='word_1_151' title='bbox 685 3237 756 3308; x_wconf 81' lang='grc'><strong>187.</strong></span> <span class='ocrx_word' id='word_1_152' title='bbox 775 3249 806 3301; x_wconf 89' lang='lat' dir='ltr'>et</span> <span class='ocrx_word' id='word_1_153' title='bbox 821 3240 863 3301; x_wconf 90' lang='lat' dir='ltr'>ibi</span> <span class='ocrx_word' id='word_1_154' title='bbox 881 3243 977 3308; x_wconf 79' lang='lat' dir='ltr'>Cute.</span> <span class='ocrx_word' id='word_1_155' title='bbox 993 3244 1048 3305; x_wconf 84' lang='lat' dir='ltr'>Ba.</span> <span class='ocrx_word' id='word_1_156' title='bbox 1076 3243 1222 3304; x_wconf 79' lang='lat' dir='ltr'>Attamen</span> <span class='ocrx_word' id='word_1_157' title='bbox 1239 3244 1287 3305; x_wconf 86' lang='lat' dir='ltr'>vel</span> <span class='ocrx_word' id='word_1_158' title='bbox 1304 3244 1348 3304; x_wconf 87' lang='lat' dir='ltr'>aio</span> <span class='ocrx_word' id='word_1_159' title='bbox 1367 3242 1430 3303; x_wconf 81' lang='lat' dir='ltr'>dis-</span> 
     </span>
     <span class='ocr_line' id='line_1_21' title="bbox 444 3340 1428 3422; baseline 0 -22"><span class='ocrx_word' id='word_1_160' title='bbox 444 3340 629 3421; x_wconf 80' lang='lat' dir='ltr'>positionem</span> <span class='ocrx_word' id='word_1_161' title='bbox 659 3340 816 3401; x_wconf 82' lang='lat' dir='ltr'>scrobium</span> <span class='ocrx_word' id='word_1_162' title='bbox 845 3360 908 3399; x_wconf 91' lang='lat' dir='ltr'>non</span> <span class='ocrx_word' id='word_1_163' title='bbox 938 3341 1009 3400; x_wconf 87' lang='lat' dir='ltr'>satia</span> <span class='ocrx_word' id='word_1_164' title='bbox 1031 3340 1171 3422; x_wconf 79' lang='lat' dir='ltr'>expedio.</span> <span class='ocrx_word' id='word_1_165' title='bbox 1217 3340 1289 3401; x_wconf 77' lang='lat' dir='ltr'>Alsa</span> <span class='ocrx_word' id='word_1_166' title='bbox 1320 3361 1428 3400; x_wconf 78' lang='lat' dir='ltr'>aureas</span> 
     </span>
     <span class='ocr_line' id='line_1_22' title="bbox 444 3436 1429 3522; baseline -0.008 -21"><span class='ocrx_word' id='word_1_167' title='bbox 444 3438 518 3501; x_wconf 82' lang='lat' dir='ltr'>lanic</span> <span class='ocrx_word' id='word_1_168' title='bbox 537 3440 655 3522; x_wconf 72' lang='lat' dir='ltr'>figurae</span> <span class='ocrx_word' id='word_1_169' title='bbox 677 3439 774 3500; x_wconf 87' lang='lat' dir='ltr'>tribui</span> <span class='ocrx_word' id='word_1_170' title='bbox 794 3438 920 3513; x_wconf 81' lang='lat' dir='ltr'>volunt,</span> <span class='ocrx_word' id='word_1_171' title='bbox 951 3446 1084 3520; x_wconf 85' lang='lat' dir='ltr'>propter</span> <span class='ocrx_word' id='word_1_172' title='bbox 1105 3438 1272 3500; x_wconf 80' lang='lat' dir='ltr'>laterculos</span> <span class='ocrx_word' id='word_1_173' title='bbox 1293 3436 1429 3499; x_wconf 77' lang='lat' dir='ltr'>deaura-</span> 
     </span>
     <span class='ocr_line' id='line_1_23' title="bbox 446 3535 1155 3620; baseline -0.003 -20"><span class='ocrx_word' id='word_1_174' title='bbox 446 3548 511 3615; x_wconf 83' lang='lat' dir='ltr'>tos,</span> <span class='ocrx_word' id='word_1_175' title='bbox 532 3536 643 3620; x_wconf 84' lang='lat' dir='ltr'>quibos</span> <span class='ocrx_word' id='word_1_176' title='bbox 664 3539 746 3599; x_wconf 84' lang='lat' dir='ltr'>intus</span> <span class='ocrx_word' id='word_1_177' title='bbox 765 3536 885 3598; x_wconf 86' lang='lat' dir='ltr'>cinctae</span> <span class='ocrx_word' id='word_1_178' title='bbox 907 3545 999 3598; x_wconf 89' lang='lat' dir='ltr'>eraut</span> <span class='ocrx_word' id='word_1_179' title='bbox 1019 3535 1155 3598; x_wconf 78' lang='lat' dir='ltr'>scrobes.</span> 
     </span>
    </p>
   </div>
   <div class='ocr_carea' id='block_1_6' title="bbox 364 3650 1427 4830">
    <p class='ocr_par' dir='ltr' id='par_1_6' title="bbox 364 3650 1427 4830">
     <span class='ocr_line' id='line_1_24' title="bbox 364 3650 1427 3735; baseline -0.004 -20"><span class='ocrx_word' id='word_1_180' title='bbox 364 3650 400 3729; x_wconf 80' lang='lat' dir='ltr'>i)</span> <span class='ocrx_word' id='word_1_181' title='bbox 420 3651 465 3715; x_wconf 78' lang='lat' dir='ltr'>Es</span> <span class='ocrx_word' id='word_1_182' title='bbox 487 3651 548 3714; x_wconf 78' lang='lat' dir='ltr'>boc</span> <span class='ocrx_word' id='word_1_183' title='bbox 569 3652 702 3715; x_wconf 86' lang='lat' dir='ltr'>disticho</span> <span class='ocrx_word' id='word_1_184' title='bbox 726 3651 987 3735; x_wconf 66' lang='lat' dir='ltr'>sequentibusque</span> <span class='ocrx_word' id='word_1_185' title='bbox 1016 3651 1252 3716; x_wconf 77' lang='lat' dir='ltr'>luculentissime</span> <span class='ocrx_word' id='word_1_186' title='bbox 1278 3658 1427 3734; x_wconf 81' lang='lat' dir='ltr'>apparet,</span> 
     </span>
     <span class='ocr_line' id='line_1_25' title="bbox 443 3751 1427 3836; baseline -0.006 -23"><span class='ocrx_word' id='word_1_187' title='bbox 443 3773 559 3835; x_wconf 87' lang='lat' dir='ltr'>equum</span> <span class='ocrx_word' id='word_1_188' title='bbox 580 3754 678 3836; x_wconf 77' lang='lat' dir='ltr'>ipsum</span> <span class='ocrx_word' id='word_1_189' title='bbox 700 3764 880 3836; x_wconf 77' lang='lat' dir='ltr'>ceterasque</span> <span class='ocrx_word' id='word_1_190' title='bbox 902 3751 1040 3813; x_wconf 73' lang='lat' dir='ltr'>uictimas</span> <span class='ocrx_word' id='word_1_191' title='bbox 1061 3774 1159 3814; x_wconf 75' lang='lat' dir='ltr'>caesas</span> <span class='ocrx_word' id='word_1_192' title='bbox 1180 3762 1212 3814; x_wconf 89' lang='lat' dir='ltr'>et</span> <span class='ocrx_word' id='word_1_193' title='bbox 1228 3752 1288 3833; x_wconf 78' lang='lat' dir='ltr'>igni</span> <span class='ocrx_word' id='word_1_194' title='bbox 1306 3773 1427 3811; x_wconf 89' lang='lat' dir='ltr'>crema.</span> 
     </span>
     <span class='ocr_line' id='line_1_26' title="bbox 443 3849 1427 3935; baseline 0 -23"><span class='ocrx_word' id='word_1_195' title='bbox 443 3862 489 3912; x_wconf 83' lang='lat' dir='ltr'>tas</span> <span class='ocrx_word' id='word_1_196' title='bbox 513 3852 611 3914; x_wconf 76' lang='lat' dir='ltr'>luisse.</span> <span class='ocrx_word' id='word_1_197' title='bbox 645 3851 847 3913; x_wconf 73' lang='lat' dir='ltr'>cotetmotim</span> <span class='ocrx_word' id='word_1_198' title='bbox 870 3853 944 3927; x_wconf 76' lang='lat' dir='ltr'>(Ae.</span> <span class='ocrx_word' id='word_1_199' title='bbox 964 3855 1034 3919; x_wconf 77' lang='lat' dir='ltr'>Rea.</span> <span class='ocrx_word' id='word_1_200' title='bbox 1055 3855 1147 3931; x_wconf 70' lang='lat' dir='ltr'>l&#39;lll,</span> <span class='ocrx_word' id='word_1_201' title='bbox 1169 3876 1199 3935; x_wconf 91' lang='lat' dir='ltr'>p.</span> <span class='ocrx_word' id='word_1_202' title='bbox 1212 3849 1382 3926; x_wconf 57' lang='lat' dir='ltr'>tlt-8.)</span> <span class='ocrx_word' id='word_1_203' title='bbox 1396 3853 1427 3912; x_wconf 92' lang='lat' dir='ltr'>in</span> 
     </span>
     <span class='ocr_line' id='line_1_27' title="bbox 443 3948 1427 4034; baseline 0 -23"><span class='ocrx_word' id='word_1_204' title='bbox 443 3948 524 4011; x_wconf 84' lang='lat' dir='ltr'>banc</span> <span class='ocrx_word' id='word_1_205' title='bbox 545 3952 726 4012; x_wconf 74' lang='lat' dir='ltr'>senteutiam</span> <span class='ocrx_word' id='word_1_206' title='bbox 759 3952 903 4027; x_wconf 85' lang='lat' dir='ltr'>inclinat,</span> <span class='ocrx_word' id='word_1_207' title='bbox 934 3954 964 4014; x_wconf 92' lang='lat' dir='ltr'>in</span> <span class='ocrx_word' id='word_1_208' title='bbox 986 3953 1135 4014; x_wconf 79' lang='lat' dir='ltr'>sacrificio</span> <span class='ocrx_word' id='word_1_209' title='bbox 1155 3952 1270 4034; x_wconf 85' lang='lat' dir='ltr'>equino</span> <span class='ocrx_word' id='word_1_210' title='bbox 1291 3954 1427 4013; x_wconf 79' lang='lat' dir='ltr'>victimas</span> 
     </span>
     <span class='ocr_line' id='line_1_28' title="bbox 440 4049 1426 4131; baseline -0.002 -23"><span class='ocrx_word' id='word_1_211' title='bbox 440 4049 561 4131; x_wconf 74' lang='lat' dir='ltr'>alligari</span> <span class='ocrx_word' id='word_1_212' title='bbox 576 4050 671 4111; x_wconf 90' lang='lat' dir='ltr'>modo</span> <span class='ocrx_word' id='word_1_213' title='bbox 693 4052 856 4125; x_wconf 72' lang='lat' dir='ltr'>columnia,</span> <span class='ocrx_word' id='word_1_214' title='bbox 877 4050 989 4111; x_wconf 87' lang='lat' dir='ltr'>deinde</span> <span class='ocrx_word' id='word_1_215' title='bbox 1008 4052 1174 4111; x_wconf 84' lang='lat' dir='ltr'>incolumes</span> <span class='ocrx_word' id='word_1_216' title='bbox 1196 4050 1309 4111; x_wconf 90' lang='lat' dir='ltr'>dimitti</span> <span class='ocrx_word' id='word_1_217' title='bbox 1328 4072 1426 4131; x_wconf 84' lang='lat' dir='ltr'>opor.</span> 
     </span>
     <span class='ocr_line' id='line_1_29' title="bbox 440 4148 1426 4233; baseline 0 -25"><span class='ocrx_word' id='word_1_218' title='bbox 440 4149 554 4220; x_wconf 74' lang='lat' dir='ltr'>tuiase3</span> <span class='ocrx_word' id='word_1_219' title='bbox 588 4160 620 4211; x_wconf 91' lang='lat' dir='ltr'>et</span> <span class='ocrx_word' id='word_1_220' title='bbox 640 4151 664 4210; x_wconf 85' lang='lat' dir='ltr'>si</span> <span class='ocrx_word' id='word_1_221' title='bbox 687 4150 810 4233; x_wconf 83' lang='lat' dir='ltr'>quaudo</span> <span class='ocrx_word' id='word_1_222' title='bbox 831 4150 938 4210; x_wconf 68' lang='lat' dir='ltr'>caetea</span> <span class='ocrx_word' id='word_1_223' title='bbox 959 4160 1083 4231; x_wconf 86' lang='lat' dir='ltr'>patrata</span> <span class='ocrx_word' id='word_1_224' title='bbox 1111 4149 1226 4227; x_wconf 84' lang='lat' dir='ltr'>luerit,</span> <span class='ocrx_word' id='word_1_225' title='bbox 1256 4148 1288 4210; x_wconf 90' lang='lat' dir='ltr'>id</span> <span class='ocrx_word' id='word_1_226' title='bbox 1314 4161 1426 4210; x_wconf 87' lang='lat' dir='ltr'>eontra</span> 
     </span>
     <span class='ocr_line' id='line_1_30' title="bbox 445 4247 1427 4330; baseline -0.002 -23"><span class='ocrx_word' id='word_1_227' title='bbox 445 4247 608 4310; x_wconf 67' lang='lat' dir='ltr'>vadorum</span> <span class='ocrx_word' id='word_1_228' title='bbox 626 4259 790 4330; x_wconf 84' lang='lat' dir='ltr'>praecepta</span> <span class='ocrx_word' id='word_1_229' title='bbox 811 4270 875 4310; x_wconf 74' lang='lat' dir='ltr'>ease</span> <span class='ocrx_word' id='word_1_230' title='bbox 894 4250 1019 4310; x_wconf 86' lang='lat' dir='ltr'>sactum.</span> <span class='ocrx_word' id='word_1_231' title='bbox 1050 4249 1119 4323; x_wconf 85' lang='lat' dir='ltr'>Qua</span> <span class='ocrx_word' id='word_1_232' title='bbox 1139 4247 1168 4308; x_wconf 91' lang='lat' dir='ltr'>in</span> <span class='ocrx_word' id='word_1_233' title='bbox 1185 4267 1367 4321; x_wconf 75' lang='lat' dir='ltr'>revereor,</span> <span class='ocrx_word' id='word_1_234' title='bbox 1389 4264 1427 4306; x_wconf 84' lang='lat' dir='ltr'>ne</span> 
     </span>
     <span class='ocr_line' id='line_1_31' title="bbox 442 4346 1426 4430; baseline -0.006 -24"><span class='ocrx_word' id='word_1_235' title='bbox 442 4348 491 4409; x_wconf 79' lang='lat' dir='ltr'>eir</span> <span class='ocrx_word' id='word_1_236' title='bbox 510 4371 643 4409; x_wconf 77' lang='lat' dir='ltr'>aumauus</span> <span class='ocrx_word' id='word_1_237' title='bbox 666 4349 731 4430; x_wconf 75' lang='lat' dir='ltr'>plus</span> <span class='ocrx_word' id='word_1_238' title='bbox 753 4370 852 4429; x_wconf 67' lang='lat' dir='ltr'>aenon</span> <span class='ocrx_word' id='word_1_239' title='bbox 880 4347 1064 4407; x_wconf 74' lang='lat' dir='ltr'>concesserit</span> <span class='ocrx_word' id='word_1_240' title='bbox 1089 4346 1293 4429; x_wconf 86' lang='lat' dir='ltr'>interpretum</span> <span class='ocrx_word' id='word_1_241' title='bbox 1319 4364 1426 4404; x_wconf 70' lang='lat' dir='ltr'>recen.</span> 
     </span>
     <span class='ocr_line' id='line_1_32' title="bbox 441 4442 1425 4527; baseline -0.006 -19"><span class='ocrx_word' id='word_1_242' title='bbox 441 4447 558 4508; x_wconf 84' lang='lat' dir='ltr'>tiorum</span> <span class='ocrx_word' id='word_1_243' title='bbox 581 4456 774 4519; x_wconf 77' lang='lat' dir='ltr'>commento,</span> <span class='ocrx_word' id='word_1_244' title='bbox 804 4450 852 4507; x_wconf 86' lang='lat' dir='ltr'>cui</span> <span class='ocrx_word' id='word_1_245' title='bbox 875 4468 979 4506; x_wconf 79' lang='lat' dir='ltr'>ansam</span> <span class='ocrx_word' id='word_1_246' title='bbox 1000 4444 1154 4527; x_wconf 86' lang='lat' dir='ltr'>praebere</span> <span class='ocrx_word' id='word_1_247' title='bbox 1175 4442 1278 4526; x_wconf 85' lang='lat' dir='ltr'>potuit</span> <span class='ocrx_word' id='word_1_248' title='bbox 1301 4442 1349 4505; x_wconf 77' lang='lat' dir='ltr'>vel</span> <span class='ocrx_word' id='word_1_249' title='bbox 1371 4463 1425 4503; x_wconf 85' lang='lat' dir='ltr'>ra-</span> 
     </span>
     <span class='ocr_line' id='line_1_33' title="bbox 441 4540 1424 4629; baseline -0.01 -21"><span class='ocrx_word' id='word_1_250' title='bbox 441 4547 517 4608; x_wconf 81' lang='lat' dir='ltr'>dicis</span> <span class='ocrx_word' id='word_1_251' title='bbox 539 4550 638 4621; x_wconf 85' lang='lat' dir='ltr'>Bana,</span> <span class='ocrx_word' id='word_1_252' title='bbox 659 4545 807 4621; x_wconf 61' lang='lat' dir='ltr'>heddai,</span> <span class='ocrx_word' id='word_1_253' title='bbox 827 4546 1009 4629; x_wconf 73' lang='lat' dir='ltr'>significatio</span> <span class='ocrx_word' id='word_1_254' title='bbox 1029 4544 1138 4625; x_wconf 79' lang='lat' dir='ltr'>duplex</span> <span class='ocrx_word' id='word_1_255' title='bbox 1155 4540 1287 4604; x_wconf 78' lang='lat' dir='ltr'>necandi</span> <span class='ocrx_word' id='word_1_256' title='bbox 1301 4549 1332 4601; x_wconf 90' lang='lat' dir='ltr'>et</span> <span class='ocrx_word' id='word_1_257' title='bbox 1351 4542 1424 4601; x_wconf 79' lang='lat' dir='ltr'>oia.</span> 
     </span>
     <span class='ocr_line' id='line_1_34' title="bbox 443 4640 1425 4724; baseline -0.006 -17"><span class='ocrx_word' id='word_1_258' title='bbox 443 4646 563 4721; x_wconf 73' lang='lat' dir='ltr'>ciendi,-</span> <span class='ocrx_word' id='word_1_259' title='bbox 583 4648 629 4708; x_wconf 74' lang='lat' dir='ltr'>vel</span> <span class='ocrx_word' id='word_1_260' title='bbox 646 4646 783 4708; x_wconf 82' lang='lat' dir='ltr'>eiusdem</span> <span class='ocrx_word' id='word_1_261' title='bbox 798 4655 829 4706; x_wconf 89' lang='lat' dir='ltr'>et</span> <span class='ocrx_word' id='word_1_262' title='bbox 844 4645 955 4707; x_wconf 81' lang='lat' dir='ltr'>radicis</span> <span class='ocrx_word' id='word_1_263' title='bbox 972 4644 1249 4724; x_wconf 76' lang='lat' dir='ltr'>cognataebanna‚</span> <span class='ocrx_word' id='word_1_264' title='bbox 1268 4640 1425 4719; x_wconf 59' lang='lat' dir='ltr'>mmo)</span> 
     </span>
     <span class='ocr_line' id='line_1_35' title="bbox 442 4739 1424 4830; baseline -0.006 -23"><span class='ocrx_word' id='word_1_265' title='bbox 442 4767 521 4830; x_wconf 84' lang='lat' dir='ltr'>quae</span> <span class='ocrx_word' id='word_1_266' title='bbox 543 4746 638 4809; x_wconf 85' lang='lat' dir='ltr'>solam</span> <span class='ocrx_word' id='word_1_267' title='bbox 668 4746 781 4830; x_wconf 71' lang='lat' dir='ltr'>ligandi</span> <span class='ocrx_word' id='word_1_268' title='bbox 811 4745 1061 4829; x_wconf 67' lang='lat' dir='ltr'>significationem</span> <span class='ocrx_word' id='word_1_269' title='bbox 1083 4741 1236 4820; x_wconf 83' lang='lat' dir='ltr'>admittit,</span> <span class='ocrx_word' id='word_1_270' title='bbox 1269 4739 1424 4823; x_wconf 79' lang='lat' dir='ltr'>homony-</span> 
     </span>
    </p>
   </div>
   <div class='ocr_carea' id='block_1_7' title="bbox 0 0 1810 5817">
    <p class='ocr_par' dir='ltr' id='par_1_7' title="bbox 0 0 1810 5817">
     <span class='ocr_line' id='line_1_36' title="bbox 0 0 1810 5817; baseline 0 0"><span class='ocrx_word' id='word_1_271' title='bbox 0 0 1810 5817; x_wconf 95' lang='lat' dir='ltr'> </span> 
     </span>
    </p>
   </div>
  </div>
 </body>
</html>
