3609 5817
434 672 489 755 48
775 665 862 753 Lus.
895 663 930 752 1.
969 660 1068 755 Car.
1100 665 1204 756 XII.

431 881 496 950 late
518 900 664 963 extensa,
693 885 789 949 variis
808 882 949 977 dapibus
977 904 1008 953 et
1033 885 1186 952 omnibus
1210 886 1392 954 commodis
1418 889 1543 959 matro-

373 1006 418 1070 rs.
432 1025 500 1093 cta,
525 1012 722 1075 rusticorum
741 1011 838 1075 etiam
858 1009 1043 1102 frequentia
1064 1010 1272 1079 abundanter
1295 1031 1343 1079 est
1360 1014 1540 1106 pascenda.

430 1132 561 1198 Dentur
585 1134 620 1197 in
647 1135 812 1227 congiaria
838 1136 918 1200 varii
946 1131 1029 1217 cibi,
1054 1140 1194 1205 comiter
1218 1164 1281 1206 nec
1305 1140 1403 1205 nimis
1428 1163 1541 1233 parce,

372 1260 418 1342 sd.
429 1251 475 1323 ita
499 1275 536 1323 nt
560 1254 681 1352 singuli
705 1258 839 1328 ordines
864 1285 924 1327 suo
952 1262 1093 1353 quisque
1114 1260 1243 1328 honore
1267 1260 1428 1329 fruantur.
1472 1262 1542 1330 Ne·

429 1380 555 1448 minem
576 1380 719 1450 libidine
736 1383 787 1449 ccl
804 1384 975 1452 iracundia
1001 1383 1159 1452 suadente
1185 1387 1390 1479 contemptui
1413 1386 1541 1476 babere

372 1513 488 1581 rhos
513 1524 655 1600 oportet
707 1510 772 1590 Qui
798 1532 876 1574 vero
900 1509 1075 1601 praecipui
1099 1527 1175 1575 sunt
1200 1531 1370 1574 sacrorum
1395 1509 1539 1576 ministri

429 1627 482 1697 vel
508 1630 666 1712 artifices,
696 1630 748 1697 his
773 1633 925 1723 inprimis
951 1633 1056 1698 honos
1082 1650 1131 1698 est
1155 1630 1328 1697 habendus
1354 1629 1540 1698 seeundum

370 1764 415 1826 16.
430 1751 596 1847 dignitatis
621 1754 752 1849 gradus.
803 1756 889 1836 Vos,
916 1758 976 1822 viri
999 1755 1147 1835 honesti,
1172 1752 1208 1819 id
1234 1756 1319 1847 agite
1340 1771 1452 1821 mente
1476 1755 1538 1821 be-

427 1876 562 1960 nevola,
587 1899 624 1947 ut
648 1880 730 1945 haec
748 1882 858 1945 omnia
873 1879 953 1947 fiant
972 1896 1063 1947 recte
1078 1877 1245 1958 ordinata,
1271 1902 1334 1944 nec
1357 1879 1539 1972 quicquam

215 1995 236 2064 l·
318 2071 321 2076 ,
369 2031 414 2092 ¹7·
427 2001 620 2096 negligatur.
672 2004 809 2086 Cuncti,
840 2008 900 2097 qui
927 2019 1165 2082 convenerant,
1187 2000 1382 2069 Vasishthae
1406 2004 1538 2096 promi-
1645 2085 1647 2094 Ι

427 2145 559 2208 sertmt,
583 2152 619 2194 se
641 2126 793 2194 mandata
818 2129 888 2194 eins
915 2151 985 2195 esse
1011 2143 1240 2205 exsecuturos,
1265 2148 1329 2192 nec
1354 2124 1536 2219 qtricquam

368 2253 416 2317 rs.
426 2247 616 2341 neglectum
647 2251 698 2316 iri.
748 2252 848 2317 Tunc
860 2302 870 2332 ,
909 2249 1067 2317 advocato
1104 2248 1302 2329 Sumentra,
1344 2248 1535 2316 Vasishthae

426 2370 516 2438 hunc
547 2397 735 2441 sermonem
760 2399 853 2442 orsus
879 2392 948 2441 est:
988 2377 1043 2440 Tu
1062 2398 1157 2466 reges
1183 2373 1302 2452 invita,
1334 2390 1368 2440 et
1390 2373 1448 2465 qni
1472 2396 1535 2465 per

367 2518 412 2583 ¹9·
425 2496 544 2562 orbem
565 2514 728 2563 terrarum
744 2499 866 2590 pietate
892 2514 970 2562 sunt
993 2496 1159 2588 insignes:
1184 2494 1421 2575 Brachmanas,
1446 2493 1535 2560 viros

424 2617 864 2712 militares,‚negotiatores,
892 2618 1039 2711 denique
1062 2616 1187 2685 servilis
1208 2617 1406 2685 conditionis
1426 2616 1537 2683 homi-

423 2764 509 2824 nes,
540 2741 641 2808 multa
670 2742 791 2809 horum
821 2741 925 2809 millia
958 2767 976 2808 e
1006 2741 1144 2809 diversis
1176 2745 1271 2808 tetris
1300 2742 1368 2808 hnc
1399 2738 1535 2808 advoca.

363 2882 411 2928 2⁰·
424 2866 665 2934 Mithilensium
686 2894 800 2962 regem
813 2870 987 2950 lanaeum,
1012 2866 1133 2935 bellica
1158 2867 1276 2934 virtute
1301 2881 1533 2957 praestantem,

424 2990 459 3057 in
485 2992 639 3059 omnibns
672 2989 857 3084 disciplinis
889 2989 1052 3083 librisque
1084 2989 1184 3057 sacris
1217 3010 1322 3079 acque
1353 3003 1533 3054 versatum:

362 3117 515 3184 ²¹·hunc
540 3116 680 3183 sanstnm
706 3117 894 3209 principem
917 3132 1105 3182 reverenter
1129 3113 1302 3199 salutatum
1327 3129 1362 3178 tu
1382 3112 1456 3204 ipse
1472 3105 1536 3175 ad-

424 3241 508 3324 duc,
534 3267 637 3337 quum
656 3260 800 3311 veterem
827 3241 953 3308 domini
979 3238 1172 3306 familiarem
1190 3261 1266 3303 eum
1283 3233 1391 3314 noris,
1417 3255 1537 3325 qnam-

361 3385 410 3429 22.
423 3366 540 3435 obrem
568 3367 634 3435 hoc
663 3368 723 3435 tibi
749 3368 930 3461 praecipue
957 3361 1165 3433 commendo.
1215 3360 1286 3426 Nec
1310 3382 1379 3426 non
1401 3354 1533 3424 Cdsidis
1590 3337 1594 3342 ι

420 3515 535 3587 regem
547 3543 557 3574 ‚
585 3491 787 3587 benignum,
820 3492 908 3558 comi
933 3512 1085 3556 sermone
1110 3509 1244 3578 semper
1268 3500 1434 3564 utentem,
1470 3478 1535 3548 do·

360 3612 503 3682 ²3·mini
530 3617 634 3683 nostri
660 3616 787 3709 angusti
812 3612 985 3706 aequalem
1010 3610 1094 3677 sama
1122 3607 1293 3675 illustrem.
1344 3603 1533 3672 Clceorum

423 3763 558 3832 qnoque
578 3763 691 3834 regem
710 3736 950 3830 grandaevum,
976 3737 1097 3829 pietate
1122 3736 1302 3827 insignem,
1327 3729 1456 3797 domini
1474 3752 1535 3794 au·

360 3868 410 3949 sd.
423 3864 510 3957 gusti
534 3887 703 3943 socerum,
731 3886 805 3929 curn
831 3859 899 3927 filio
926 3884 985 3927 suo
1011 3857 1130 3925 adduc.
1174 3858 1345 3949 Angornm
1370 3850 1534 3943 deinceps

422 4013 536 4084 regem
554 3980 800 4082 Ldmapddum,
821 3984 1028 4079 religiosum,
1055 3980 1118 4048 diis
1143 3977 1300 4058 similem,
1323 3996 1358 4045 tn
1385 3978 1459 4069 ipse
1478 3999 1535 4041 re-

360 4114 411 4179 25.
424 4133 576 4182 verenter
597 4112 771 4181 salutatum
796 4129 907 4179 tecum
938 4106 1057 4174 adduc.
1112 4106 1266 4197 Denique
1300 4119 1371 4168 tum
1403 4101 1535 4195 prinei·

423 4264 484 4335 pes
509 4233 702 4317 orientales,
735 4256 805 4305 tum
831 4231 979 4302 Sindhds
1010 4231 1099 4297 ssusii
1137 4226 1267 4295 accolas
1297 4224 1534 4317 Sauvlrosque,

427 4383 462 4432 et
484 4364 519 4434 in
547 4362 741 4431 Surastrcns
764 4358 973 4430 dominantes
1000 4354 1046 4441 Ι),
1084 4371 1183 4447 atque
1213 4347 1389 4417 meridiem
1418 4369 1535 4478 versus

465 4614 499 4689 l)
521 4615 646 4676 Mitbs'la
656 4660 665 4690 ,
687 4613 749 4674 alio
770 4612 898 4676 nomine
913 4609 1047 4686 Videte,
1069 4616 1114 4669 est
1129 4604 1216 4688 regio
1232 4604 1288 4665 sita
1305 4603 1387 4663 inter
1400 4596 1533 4664 Ganda-

544 4734 608 4775 eem
625 4725 656 4772 et
671 4711 831 4775 Caeritem
845 4710 973 4787 fluvios,
995 4731 1014 4770 a
1034 4705 1246 4790 septentrione
1269 4723 1375 4763 versus
1390 4702 1532 4785 Gangem
