3609 5817
444 725 532 810 tto
780 717 870 806 Ln.
890 713 953 806 ΙΙ.
980 710 1083 806 Car.
1104 712 1187 804 IX.

445 935 579 1004 demum
604 953 741 1028 pontem
772 935 927 1028 iungere,
959 959 979 1002 o
1005 932 1133 1028 pulcra,
1160 929 1245 1000 nihil
1270 909 1421 999 attinet..
1445 927 1551 1024 Surge

444 1059 519 1153 age!
555 1059 696 1126 faustum
726 1057 886 1125 molimen
917 1059 1060 1151 perfice,
1092 1055 1145 1122 sac
1177 1073 1214 1122 nt
1239 1078 1302 1121 rex
1325 1053 1551 1124 revisendam

382 1173 604 1274 &anquirat
656 1179 704 1246 Ita
729 1179 879 1272 instigata
912 1180 1042 1272 regina,
1064 1175 1246 1270 grandibus
1280 1173 1387 1244 oeulis
1412 1173 1551 1258 deeora,

445 1329 521 1372 cum
548 1302 721 1369 blanthara
749 1300 846 1369 simul
874 1300 1065 1370 cubiculum
1090 1301 1279 1369 offensionis
1310 1301 1454 1382 intrarit,
1479 1325 1551 1394 gra·

382 1415 431 1503 47·
444 1430 508 1494 tiae
534 1449 611 1492 suae
636 1424 720 1490 fastu
750 1423 956 1516 superbiens.
1020 1423 1073 1491 lbi
1100 1421 1224 1490 mulier
1256 1421 1402 1490 formosa
1424 1419 1551 1491 monile

444 1549 626 1617 innumeris
648 1548 832 1640 margaritis
863 1565 1071 1628 consertum,
1103 1570 1168 1613 nec
1195 1570 1265 1612 non
1286 1543 1420 1638 reliqua
1442 1543 1551 1638 magni

379 1673 431 1753 48.
444 1673 547 1767 pretii
561 1689 751 1739 ornamenta
767 1672 921 1764 proiecit,
943 1669 1080 1753 deinde,
1102 1687 1260 1764 prompta
1281 1669 1443 1764 gibberae
1465 1667 1552 1736 dieta

444 1818 624 1888 peragere,
648 1790 816 1886 nymphae
832 1790 970 1860 coelesti
994 1790 1108 1859 similis
1133 1791 1226 1858 humi
1250 1791 1550 1885 procubuitbhn-

380 1917 430 2002 49
444 1916 638 2009 tltaramque
669 1913 789 1982 talibus
823 1914 955 1982 affatur:
994 1917 1062 1982 Aut
1094 1915 1151 1983 bic
1186 1937 1241 1982 me
1269 1932 1436 1981 mortuam
1460 1937 1548 1998 erse,

444 2040 593 2134 gibbcra,
618 2041 690 2134 regi
714 2040 892 2120 nuntiabis,
919 2059 975 2108 aut
996 2038 1170 2134 Ragbuidc
1195 2038 1311 2106 silvam
1335 2037 1455 2104 sortito
1467 2035 1549 2104 Bba·

382 2165 430 2228 50.
443 2182 529 2230 rates
554 2187 695 2257 regnum
719 2162 887 2229 sortietur.
936 2161 1014 2228 Non
1032 2184 1115 2254 opus
1141 2159 1223 2227 mibi
1250 2176 1301 2226 est
1324 2181 1419 2239 auro,
1442 2179 1550 2250 neque

444 2284 602 2379 gemmis,
633 2309 699 2351 nee
732 2280 879 2352 deliciis:
913 2281 1051 2352 isritae
1078 2279 1162 2349 mihi
1187 2279 1263 2348 finis
1288 2279 1363 2361 erit,
1383 2277 1413 2346 ai
1435 2277 1550 2346 tamn

444 2424 667 2477 cousecratur.

383 2537 433 2601 51.
565 2530 663 2599 Hunc
687 2532 723 2597 in
744 2528 884 2600 modum
915 2531 1059 2627 graviter
1082 2529 1193 2598 saucia
1217 2526 1343 2622 regina,
1368 2523 1411 2592 ab
1433 2519 1550 2592 aneilla

445 2654 584 2746 gibbera
611 2656 738 2722 crebris
764 2652 930 2721 dictorum
951 2653 1075 2747 sagittis
1088 2675 1258 2745 pereussa,
1282 2647 1435 2715 manibus
1458 2643 1548 2714 cordi

443 2776 618 2867 impositis,
643 2773 743 2866 piane
769 2777 922 2856 attonita,
947 2777 1016 2842 irae
1045 2772 1164 2866 plena,
1190 2769 1375 2838 identidem
1398 2767 1549 2834 Mentha·

381 2896 514 2961 52.ram
540 2892 764 2987 compellans,
795 2895 863 2962 but
893 2895 985 2978 hinc,
1021 2896 1149 2990 inquit,
1179 2893 1223 2960 ad
1252 2893 1348 2958 Yami
1377 2888 1476 2958 sedes
1495 2912 1547 2957 me

441 3017 619 3107 migrasse,
652 3019 902 3110 quamprimum
938 3019 1153 3112 cognoveris,
1186 3013 1371 3099 nuntiabis3
1401 3031 1460 3082 ant
1487 3011 1549 3080 Ra-

442 3134 567 3230 ghuide
590 3161 656 3231 per
680 3133 817 3231 longum
837 3158 970 3233 tempus
995 3139 1032 3203 iu
1055 3137 1171 3206 silvam
1200 3137 1371 3229 ablegato,
1395 3137 1549 3222 Bbaratas

382 3260 595 3330 saumatam
620 3277 809 3356 optatorum
834 3285 972 3355 compos
996 3261 1064 3329 fiet.
1104 3260 1246 3352 Egomet
1265 3285 1336 3327 non
1360 3276 1454 3328 toros
1474 3255 1549 3352 pul·

442 3383 611 3452 rinaribus
644 3401 779 3468 stratos,
807 3409 876 3453 non
910 3385 1069 3471 corollas,
1098 3409 1167 3451 non
1200 3381 1329 3451 santelii
1358 3383 1551 3478 pulverem,

442 3532 511 3575 non
536 3527 703 3602 unguenta
723 3509 963 3578 sorbitioncsrc
988 3507 1208 3604 cupediasve,
1234 3532 1346 3602 neque
1376 3502 1550 3600 quidpiam

443 3633 561 3724 cupio,
593 3657 656 3701 uec
693 3629 841 3727 deniquo
874 3634 981 3727 ipsam
1016 3635 1134 3712 vitam,
1166 3631 1231 3698 nisi
1263 3631 1343 3698 hinc
1380 3628 1417 3694 in
1438 3624 1550 3694 siluam

383 3753 431 3834 54.
442 3755 563 3846 migret
576 3752 774 3845 Ragbuides.
811 3753 887 3820 Tuli
910 3752 1012 3822 modo
1038 3751 1169 3847 prosata
1190 3751 1316 3819 dictum
1341 3765 1448 3841 atrox,
1471 3769 1549 3840 pro-

442 3877 535 3944 iectis
558 3877 711 3945 omnibus
743 3877 964 3958 ornamentis,
998 3875 1121 3943 semina
1145 3875 1362 3945 vehementer
1386 3887 1549 3942 commota

442 4018 550 4067 terrae
574 3997 682 4068 solum
707 3997 798 4068 nulla
823 3997 943 4068 culcita
968 4015 1095 4067 tectum
1119 4023 1265 4093 corpore
1286 3997 1425 4093 pressit,
1449 3991 1549 4063 veluti

382 4113 597 4189 55·Ciunaris
624 4147 665 4188 ex
689 4123 826 4191 aethere
852 4120 999 4215 delapsa.
1055 4121 1194 4190 Vultum
1219 4120 1413 4192 obnubilata
1437 4117 1549 4186 surore

440 4262 629 4328 aestuante,
665 4243 829 4337 dissipatis
863 4244 990 4339 pulcris
1015 4247 1110 4313 sertis
1135 4246 1410 4338 ornamentisque
1429 4241 1548 4312 coniux

441 4371 561 4464 regalis
583 4371 655 4438 sinc
688 4395 791 4438 naevo
828 4371 974 4439 formosa
1008 4369 1082 4437 talis
1115 4370 1194 4452 suit,
1220 4369 1327 4464 qualis
1360 4391 1433 4434 esse
1463 4363 1550 4434 solet

440 4491 537 4584 polus
562 4497 712 4564 tenebris
739 4496 925 4579 obvolutus,
951 4495 1056 4563 stellis
1082 4495 1182 4590 plane
1208 4493 1386 4564 exstinctis.
