3609 5817
382 768 435 848 tt
691 757 780 846 Lrn.
813 754 847 843 l.
884 751 985 846 Car·
1018 754 1167 852 XVll.

338 986 365 1046 3.
380 997 447 1041 non
472 999 587 1069 reges,
613 975 672 1069 qui
696 972 738 1041 ad
762 999 853 1042 sacra
886 973 1085 1042 celebranda
1115 993 1344 1042 conveneram
1396 977 1484 1044 'l'um

377 1122 436 1164 rex
449 1098 646 1165 Dasarathas
667 1098 728 1166 hos
745 1096 947 1168 discessuros
963 1101 1107 1192 benigno
1127 1103 1235 1166 animo
1251 1101 1286 1165 in
1308 1123 1482 1170 commune

332 1225 363 1302 4.
377 1221 543 1290 cohortari
577 1224 711 1317 coepit:
750 1222 937 1291 Commode
966 1223 1245 1316 proficiscamini,
1277 1221 1481 1316 populorum

377 1342 524 1412 domini!
549 1348 691 1439 quisque
716 1348 750 1412 in
773 1371 913 1441 ragnum
931 1371 1034 1412 snum.
1085 1345 1250 1439 Equidem
1273 1347 1363 1416 bene
1388 1348 1480 1417 vobit

333 1481 360 1547 5,
375 1466 470 1534 volo:
503 1465 640 1547 salvete,
669 1485 702 1533 et
726 1471 810 1536 votis
835 1467 929 1534 brevi
954 1466 1127 1560 potimini!
1159 1468 1227 1535 Vos
1252 1490 1385 1550 omnes,
1418 1470 1479 1536 viri

373 1588 613 1671 honestissimi,
639 1589 793 1684 dispicite
817 1590 900 1685 quid
925 1613 1008 1684 opus
1030 1592 1072 1656 sit
1087 1588 1129 1655 ad
1155 1589 1315 1657 ditionem
1339 1609 1478 1660 neonem

372 1710 545 1797 tuendam3
580 1714 800 1793 etenimex,
826 1712 952 1781 ditione
977 1738 1034 1780 sua
1059 1716 1206 1793 eiectus,
1230 1716 1353 1780 mortui
1376 1716 1479 1782 instat

325 1832 358 1897 6.
371 1834 518 1901 habetur.
550 1836 707 1929 Quisquis
724 1838 824 1929 igitur
843 1835 982 1928 gloriam
999 1838 1107 1929 cupit,
1130 1834 1265 1902 sedulus
1283 1860 1355 1902 esse
1376 1835 1477 1904 debet

368 1957 404 2024 in
429 1955 551 2024 tuenda
578 1956 718 2025 ditione:
745 1982 813 2025 uon
835 1976 901 2025 tam
921 1959 1089 2025 sacrificiis
1114 1956 1210 2025 sedes
1226 1956 1315 2051 apud
1329 1956 1475 2051 Superos

324 2107 353 2169 7.
368 2081 560 2171 quaeritur,
591 2104 692 2172 quam
720 2082 785 2148 hoc
811 2106 931 2147 munus
959 2079 1126 2148 obeundo.
1176 2079 1279 2147 Plane
1309 2099 1348 2148 nt
1375 2080 1474 2150 homo

366 2198 509 2294 quilibet
533 2225 645 2269 curam
671 2201 864 2299 diligentem
889 2204 1050 2271 adhihere
1074 2201 1158 2271 solet
1179 2205 1315 2296 corpori
1339 2227 1400 2272 sno
1418 2227 1475 2274 ro·

363 2323 442 2391 stitu
467 2325 653 2418 ceterisque
677 2325 852 2419 praesidiis
877 2325 1091 2408 instruendo,
1112 2329 1160 2394 sic
1185 2352 1299 2423 regem
1322 2350 1387 2420 pro
1409 2328 1475 2394 imi

319 2454 349 2524 8.
362 2448 458 2538 perio
492 2446 601 2514 iacere
634 2463 775 2539 oportet.
824 2448 913 2512 Tum
938 2448 973 2513 in
1004 2445 1131 2516 futuros
1165 2463 1299 2514 eventm
1335 2446 1470 2541 regibus

362 2594 416 2635 res
440 2589 516 2637 sunt
538 2567 764 2651 ordinandae,
791 2589 860 2636 tum
881 2573 1050 2663 praesenti
1075 2594 1210 2666 quoque
1229 2570 1373 2662 tempori
1388 2591 1468 2638 con·

317 2707 346 2768 9·
362 2689 561 2772 sulcudnm,
593 2716 636 2758 ne
662 2690 745 2784 quid
770 2695 864 2786 pravi
895 2693 1120 2761 subnascatur.
1170 2692 1310 2760 Talibus
1333 2693 1466 2762 monim

360 2833 419 2874 rex
441 2835 537 2904 reges
563 2813 751 2880 cohortatus
778 2831 848 2894 cst,
882 2817 1003 2907 quibus
1029 2817 1148 2885 arrditis
1173 2834 1285 2884 mutua
1311 2815 1380 2883 lide
1403 2815 1466 2884 oh-

301 2952 344 2995 ta.
359 2930 462 3015 stricti
496 2956 608 3001 versus
642 2934 786 3003 diversas
820 2939 906 3006 coeli
938 2940 1050 3034 plagas
1086 2940 1277 3008 discessere.
1332 2935 1479 3040 Deinth

356 3054 575 3136 Dasaratbas,
605 3056 796 3127 lustralibus
829 3064 911 3129 rotis
943 3062 1127 3145 exsolutus,
1164 3087 1304 3131 uxorum
1331 3085 1467 3134 sacrun·

298 3204 340 3246 rr.
356 3177 493 3245 cohorte
519 3182 758 3265 circumdatus,
796 3187 906 3254 animo
929 3186 1126 3270 exhilarato,
1158 3207 1338 3283 postqum
1367 3209 1461 3283 reget

353 3299 519 3380 abierant,
546 3327 621 3372 cum
640 3306 787 3390 famulis,
813 3307 991 3390 militibus,
1016 3310 1242 3405 vehiculisque
1261 3312 1385 3383 sanatus
1403 3337 1460 3382 m·-

350 3423 428 3490 bem
452 3427 599 3510 intravit,
626 3431 854 3501 sacerdotibus
880 3436 1007 3501 eximiis
1031 3437 1067 3502 in
1091 3435 1199 3505 sronte
1225 3438 1363 3532 agminis
1389 3433 1459 3503 col-

291 3568 336 3609 ta.
348 3545 474 3614 locatis.
524 3552 603 3618 Post
634 3552 838 3647 aliquantum
863 3560 1024 3650 temporis
1053 3558 1300 3654 Rishyasringas
1312 3609 1323 3643 ,
1361 3558 1456 3627 valde

347 3669 542 3752 honoratus,
568 3675 631 3739 iter
652 3678 817 3769 ingressus
841 3699 891 3748 est
912 3707 988 3748 cum
1007 3680 1106 3750 Shnta
1127 3683 1455 3779 temperantibusqnc

289 3793 568 3863 13.Brachmanis.
617 3800 909 3893 Proseqnebantur
933 3830 1009 3871 eum
1034 3832 1092 3874 rex
1122 3805 1272 3900 prudens
1294 3827 1373 3874 enm
1396 3829 1454 3874 co·

288 3914 334 3993 ¹4·
346 3913 459 3977 mitatu
477 3939 553 3994 suo,
579 3914 696 3985 doctus
709 3921 918 4005 Vasishthas,
942 3943 975 3991 ct
991 3926 1084 3992 urbis
1099 3929 1208 4020 regiae
1225 3929 1321 3995 cives.
1353 3926 1452 3998 stan

345 4033 493 4100 insidens
516 4058 674 4130 carpento
702 4043 846 4134 ingenti,
877 4063 966 4112 veste
991 4047 1119 4142 sragula
1141 4046 1265 4131 velato,
1299 4050 1451 4120 candidis

286 4157 453 4223 ribubus
478 4158 612 4241 iuncto,
647 4162 843 4232 famulorum
871 4168 1008 4237 cohorte
1039 4171 1167 4256 einct03
1202 4171 1311 4239 dotata
1338 4174 1450 4244 multis

341 4277 479 4366 olibas,
515 4297 581 4343 tum
605 4306 807 4372 gemmarum
830 4290 925 4381 eopia
939 4340 948 4369 ,
985 4307 1055 4357 tum
1080 4316 1254 4386 caprarum
1280 4314 1314 4363 ct
1338 4300 1449 4365 orium

339 4401 518 4491 gregilnn3
549 4422 662 4470 ornata
691 4432 826 4503 quoquc
853 4413 941 4479 tario
966 4412 1091 4483 mundo
1124 4416 1278 4483 muliebri
1303 4419 1448 4511 perinde

281 4520 437 4613 ibatque
462 4521 563 4591 altera
584 4525 753 4612 Fortuna,
790 4555 917 4601 summo
950 4559 1025 4601 cum
1050 4535 1170 4630 gaudia
1199 4539 1349 4633 prosecta
1376 4565 1446 4627 est,

337 4640 458 4708 semina
485 4668 664 4734 generosa,
696 4653 826 4746 coniugi
858 4680 917 4725 suo
945 4656 1056 4728 dedita
1081 4666 1176 4733 sicuti
1198 4666 1366 4737 Pauldmis
1390 4673 1444 4740 ln·

277 4759 436 4843 17.‹lrao,
462 4764 594 4833 urbium
620 4778 810 4862 quassatori.
862 4781 971 4864 Quum
998 4784 1143 4850 iucunde
1166 4786 1213 4852 ibi
1240 4809 1441 4863 commorat·
