3609 5817
453 730 538 814 956
596 718 820 812 Excunsus
848 745 905 808 an
934 719 1024 809 Iar.
1038 714 1099 824 11,
1129 711 1256 809 Care.
1271 714 1460 816 1-xv.

454 942 503 1007 rei
530 956 706 1020 commota,
726 936 865 1007 ancillae
891 937 1049 1030 gibberae
1075 935 1200 1007 monile
1223 937 1363 1034 aliquod
1389 939 1481 1011 dono
1501 941 1562 1012 do-

391 1063 513 1136 sadis
564 1067 638 1147 Quo
662 1061 764 1130 divite
789 1061 886 1130 fausti
913 1065 1019 1132 nuntii
1042 1065 1192 1158 praemio
1219 1063 1316 1147 dato,
1341 1065 1484 1134 Coccets
1505 1091 1563 1134 ex-

392 1196 442 1262 55.
454 1185 592 1253 hilarata
605 1185 815 1253 Mantharam
839 1186 931 1254 hisce
956 1187 1069 1254 verbis
1095 1206 1211 1255 contra
1234 1187 1368 1256 affatur:
1394 1190 1504 1276 Quem
1526 1207 1560 1258 tu

453 1311 536 1378 mihi
560 1334 673 1378 narras
703 1311 1081 1395 eventum,lt'1anthara,
1111 1315 1141 1378 is
1164 1311 1248 1378 mihi
1280 1331 1332 1380 cst
1358 1313 1561 1405 exoptatissi-

453 1457 546 1500 mus:
576 1457 679 1526 quarc
712 1432 818 1501 hocce
844 1435 1030 1527 praemium
1062 1437 1199 1528 accipc3
1230 1453 1286 1503 aut
1311 1433 1397 1528 quid
1420 1433 1560 1526 amplius

391 1561 440 1643 54.
452 1558 488 1623 in
513 1559 650 1650 pgr-ctiam
675 1576 764 1625 tuam
787 1557 926 1625 faciam?
977 1557 1145 1651 Equidem
1159 1557 1288 1625 nullum
1308 1557 1489 1625 discrimen
1510 1555 1559 1624 di-

452 1679 558 1771 spicio
592 1681 680 1748 inter
712 1683 846 1748 Raimam
883 1699 917 1747 ct
940 1680 1131 1748 Bharatam:
1163 1680 1242 1749 ideo
1272 1699 1402 1775 gratum
1434 1679 1557 1760 trabea,

452 1802 545 1896 qnod
566 1829 626 1873 rex
650 1807 785 1875 Rimam
810 1806 955 1899 imperio
987 1806 1184 1900 inaugurare
1206 1805 1364 1876 decrevit.

888 2380 1115 2477 Excumus

499 2643 541 2709 ad
566 2645 680 2735 priora
704 2643 783 2712 libri
806 2647 946 2715 secundi
973 2650 1081 2742 capita
1105 2649 1148 2716 ab
1174 2647 1315 2719 exordio
1339 2653 1507 2749 usquead

825 2791 978 2882 quintum
1004 2789 1180 2859 decimum.

974 3021 1026 3086 Dr

561 3257 668 3300 renuit
697 3258 872 3302 GESTARL'M
902 3259 997 3302 sumn
1021 3259 1063 3303 tn
1085 3260 1235 3306 ORDINE!
1263 3263 1446 3309 ΤΕΙΡΟΜΙΙ

911 3379 1090 3424 exserunt.

529 3588 657 3651 Lectori
680 3589 784 3651 obiter
797 3589 900 3672 Caput
919 3600 1038 3652 sextum
1053 3613 1124 3654 cnm
1143 3593 1341 3677 sequentibus
1359 3597 1553 3680 comparanti

447 3705 590 3777 tempora
611 3694 785 3757 confodisse
806 3698 899 3777 pciita
920 3694 1019 3758 videri
1037 3698 1141 3779 possit.
1185 3697 1247 3760 Sed
1267 3700 1291 3760 si
1311 3703 1487 3764 accuratius
1506 3701 1555 3764 in-

444 3803 624 3885 spiciamus,
656 3803 787 3885 patebit,
813 3801 983 3865 Vitmicem
1013 3827 1048 3866 en
1070 3805 1286 3870 tantummodo
1317 3807 1442 3872 licentia
1469 3831 1557 3872 nsum

444 3931 520 3992 esse,
543 3934 635 3995 quam
655 3909 703 3971 vet
725 3908 880 3970 historicis
900 3909 1117 3988 concedimus,
1139 3919 1289 3995 quatenus
1312 3911 1491 3996 exponenda
1512 3921 1558 3976 cst

445 4041 495 4082 res
527 4017 654 4080 diversis
686 4017 718 4078 in
746 4015 823 4079 iocis
852 4015 943 4078 simul
968 4026 1072 4100 gesta,
1100 4019 1140 4081 ad
1170 4019 1256 4083 euius
1284 4029 1431 4084 eventurn
1450 4021 1556 4105 plnres

444 4138 566 4190 actores
600 4126 630 4188 in
670 4125 852 4189 alterutram
885 4137 1009 4208 partem
1046 4129 1164 4213 aliquid
1203 4131 1379 4192 conterunt.
1448 4129 1559 4192 Solent

444 4233 554 4316 optimi
576 4253 682 4295 rernm
702 4232 870 4314 scriptores
891 4234 1074 4294 continuum
1087 4238 1276 4298 narrationis
1289 4246 1433 4298 tenorem
1450 4233 1558 4318 mutto

445 4341 565 4423 longius
586 4339 749 4423 persequi,
771 4358 809 4398 ne
830 4339 1086 4421 interrumpendo
1116 4341 1269 4405 tectorum
1289 4340 1423 4402 attentio
1444 4338 1559 4402 distro-

444 4445 563 4526 hntur,
589 4466 625 4506 ac
656 4454 722 4504 tum
744 4443 867 4504 demum
888 4446 1020 4526 gradum
1045 4447 1164 4507 referre
1193 4454 1225 4508 et
1245 4446 1439 4530 aliquantum
1466 4445 1557 4530 spatii

444 4554 598 4630 remetiri,
620 4562 655 4615 ut
669 4551 831 4614 exhibeant
853 4553 927 4612 atius
958 4551 1101 4614 dramatis
1122 4572 1281 4636 personas,
1303 4559 1358 4615 aut
1378 4573 1487 4632 novas,
1505 4559 1560 4615 ont

444 4657 508 4718 inm
528 4667 615 4719 antea
636 4662 667 4720 in
689 4679 810 4721 scenam
834 4658 1020 4742 productas,
1041 4660 1166 4721 interim
1182 4660 1212 4721 in
1237 4658 1344 4722 iisdem
1365 4659 1485 4744 coeptis
1503 4667 1558 4722 ant

446 4766 663 4848 promouendis
682 4775 735 4829 out
757 4767 957 4850 impediendis
978 4777 1153 4851 occupatos.
1195 4769 1234 4829 ln
1247 4767 1356 4851 Capite
1375 4777 1461 4832 sexto
1481 4789 1558 4832 nu·
