3609 5817
383 732 437 813 et
723 725 813 813 Lm.
846 723 880 812 1.
918 719 1018 813 Car.
1050 724 1149 818 XV.

322 949 368 1015 ιδ.
383 956 447 1008 est:
474 934 603 1019 Hodie,
629 966 648 1008 o
674 940 748 1009 rex!
780 943 909 1036 pietatis
935 967 1010 1034 erga
1037 939 1118 1011 deos
1143 942 1268 1012 fructus
1290 971 1309 1011 a
1334 961 1366 1012 te
1393 946 1482 1040 eapi-

381 1084 453 1148 tur3
483 1066 619 1158 accipe,
650 1067 842 1158 principum
872 1065 1167 1157 praestantissime!
1199 1067 1304 1136 hocce
1326 1085 1483 1137 nectara

322 1193 368 1277 ιζ.
383 1187 446 1257 diis
461 1208 665 1283 apparatum,
686 1188 843 1283 genitale,
869 1194 1062 1284 opiparum,
1085 1193 1221 1284 corpori
1239 1190 1381 1259 salubre.
1413 1192 1485 1261 lloe

381 1332 418 1381 tu
434 1314 592 1381 uxoribus
610 1332 643 1380 te
663 1313 771 1407 dignis
792 1315 929 1382 ebibere
954 1317 1048 1382 iussis
1074 1311 1213 1408 largire,
1237 1314 1434 1406 impetrabis
1446 1339 1486 1385 ex

322 1442 369 1507 15.
381 1438 422 1504 iis
442 1434 527 1503 filios
534 1487 544 1517 ,
567 1459 711 1530 quorum
737 1462 849 1505 caussa
874 1455 910 1505 tu
930 1440 1031 1505 sacris
1056 1438 1215 1530 operaris.
1265 1437 1353 1519 Rex,
1374 1436 1483 1531 Euge!

382 1559 585 1642 exclamans,
603 1561 733 1654 aceepit
749 1560 916 1653 capitique
934 1583 992 1627 suo
1008 1562 1164 1652 imposuit
1178 1577 1325 1652 pateram
1342 1586 1483 1643 auream,

321 1688 370 1758 16.
382 1680 486 1751 divini
510 1702 608 1777 potus
628 1681 780 1776 plenam,
805 1707 823 1749 a
850 1680 914 1749 diis
940 1681 1065 1768 datam3
1087 1707 1125 1750 ac
1142 1681 1292 1751 mirabile
1311 1683 1400 1752 istud
1417 1685 1485 1752 ani-

381 1804 466 1887 mal,
491 1830 589 1873 suave
612 1804 788 1899 adspectu,
813 1804 1086 1887 venerabundus,
1108 1830 1236 1873 summo
1263 1806 1385 1901 gaudio
1408 1807 1483 1876 alle·

322 1955 368 2017 ¹⁷·
382 1948 473 2011 ctus,
497 1955 610 1998 versus
635 1929 804 1998 dexteram
827 1928 1140 1996 circumambulaait.
1181 1930 1280 1995 Tunc
1306 1929 1392 1997 illud
1416 1931 1484 1998 visu

380 2051 532 2119 mirabile
564 2051 904 2145 fulgentissimumque
935 2048 1126 2143 prodigium
1159 2046 1287 2115 ibidem
1315 2075 1355 2119 ex
1381 2051 1483 2120 oeulis

321 2176 367 2239 18.
381 2178 520 2243 evanuit.
544 2177 590 2244 At
600 2175 807 2254 Dasarathas,
832 2192 947 2239 nectar
962 2197 980 2238 a
996 2171 1059 2239 diis
1075 2194 1226 2266 paratum
1241 2192 1374 2257 nactus,
1399 2199 1486 2244 sum·

380 2321 519 2393 mopere
544 2297 646 2365 laetus
671 2296 751 2380 fuit,
782 2293 872 2364 haud
898 2319 992 2363 secus
1018 2321 1117 2390 quam
1138 2298 1239 2365 homo
1265 2322 1405 2393 egenus,
1429 2301 1485 2392 qui

263 2479 268 2488 ,
320 2440 367 2503 ¹9·
380 2423 490 2491 subito
512 2420 640 2489 divitias
664 2441 779 2490 nactus
802 2421 896 2487 soret
941 2418 1025 2485 Aula
1051 2421 1120 2486 eius
1145 2420 1246 2489 radiis
1272 2420 1383 2514 gaudii
1410 2418 1485 2487 illu·

379 2547 501 2613 minata
520 2570 592 2613 esse
608 2542 800 2622 videbatur,
823 2540 920 2607 sicuti
942 2538 1072 2606 eoelum
1089 2540 1190 2607 radiis
1210 2538 1370 2607 candidae
1389 2538 1485 2608 lunae

318 2696 366 2738 ao.
380 2665 584 2737 autumnalis.
620 2667 701 2747 llle,
727 2689 831 2758 quum
855 2667 890 2729 in
916 2688 1117 2757 gynaeceum
1142 2667 1311 2742 intrasset,
1336 2660 1379 2729 ad
1400 2662 1486 2730 Cau·

380 2788 493 2855 saliam
519 2810 719 2867 conversus,
752 2787 898 2880 Accipe,
931 2788 1061 2879 inquit,
1091 2787 1196 2853 hocce
1221 2801 1335 2853 nectar
1359 2785 1487 2852 tibimet

318 2937 367 2979 at.
381 2911 446 3002 ipsi
465 2907 616 3003 genitale.
659 2910 786 2992 Quibus
808 2909 906 2976 dictis
922 2935 981 2976 rex
1003 2908 1172 2977 Causaliae
1198 2907 1292 2975 dedit
1314 2906 1487 2976 dimidium

379 3035 545 3118 nectaris3
578 3031 741 3101 Sumitrae
764 3055 898 3126 quoque
925 3032 1096 3100 dimidiam
1120 3051 1249 3126 partem
1273 3030 1409 3100 alterius
1434 3031 1483 3099 di·

318 3154 475 3223 aa.midii
501 3153 612 3239 dedit,
637 3153 778 3222 caecidi
803 3155 969 3249 denique,
991 3155 1096 3223 filium
1122 3180 1162 3222 ex
1182 3181 1220 3222 ea
1237 3153 1395 3250 giguermi
1415 3180 1485 3250 gra·

379 3281 442 3359 tia,
474 3276 569 3345 dedit
592 3278 695 3370 partis
717 3275 869 3343 residuae
895 3267 1079 3343 dimidium.
1130 3280 1220 3344 Tum
1244 3296 1354 3345 terrae
1380 3278 1486 3347 domi·

317 3400 365 3463 ab.
378 3427 459 3483 nus,
485 3426 523 3468 re
549 3398 660 3467 denuo
681 3423 866 3493 perpensa,
887 3399 1052 3498 reliquam
1075 3418 1204 3494 partem
1228 3420 1327 3494 potus
1352 3403 1483 3470 ambro-

378 3528 445 3593 siae
470 3522 727 3618 aequiparabilia
744 3521 910 3590 Sumitrae
934 3521 1063 3591 obtudit
1098 3527 1250 3593 Huncin
1273 3525 1412 3593 modum
1428 3549 1483 3594 rex

316 3648 365 3727 24·
380 3652 537 3718 uxoribus
563 3651 629 3716 suis
654 3645 842 3739 singulatim
866 3665 982 3714 nectar
1005 3646 1096 3714 istud
1112 3647 1297 3733 distribuit,
1320 3651 1414 3745 quod
1429 3678 1486 3720 na·

380 3792 451 3841 ctas
476 3772 774 3867 praestantissimae
799 3771 962 3863 principis
986 3773 1140 3863 coniuges
1164 3798 1259 3867 spem
1280 3774 1387 3867 prolis
1408 3801 1487 3844 cun.
1527 3836 1529 3844 ¹

382 3916 453 3964 ctae
479 3912 726 3989 conceperunt,
752 3896 870 3960 animis
895 3892 1016 3988 gaudio
1044 3893 1144 3963 elatis.

318 4018 366 4082 25.
476 4019 608 4087 Deinde
635 4018 793 4100 feminae,
822 4038 924 4111 epoto
949 4017 1098 4088 hilariter
1119 4019 1215 4089 latice
1241 4047 1352 4105 sacro,
1386 4047 1486 4119 quem

379 4169 438 4213 rex
462 4145 535 4236 ipse
560 4145 599 4209 iis
625 4141 910 4237 suppeditaverat,
937 4141 1117 4235 splendore
1141 4145 1212 4239 lgni
1233 4145 1371 4239 Solique
1397 4149 1488 4216 simi·

318 4262 445 4349 ables,
476 4292 517 4335 ex
542 4266 661 4335 ordine
686 4268 793 4335 foetus
818 4265 939 4334 faustos
965 4285 1060 4333 utero
1088 4291 1283 4361 concepere.
1333 4271 1402 4338 ll'cx
1429 4298 1486 4339 au·

378 4411 464 4475 tarn,
489 4394 620 4458 intuens
636 4392 673 4456 ¹in
691 4414 810 4458 uxores
833 4408 1052 4483 praegnantes
1077 4409 1187 4457 mente
1214 4412 1363 4460 serenata
1383 4391 1487 4462 laetus

378 4514 455 4596 luit,
479 4512 580 4583 veluti
600 4510 734 4592 lndras,
760 4509 895 4605 quando
913 4537 932 4577 a
948 4511 1125 4604 Superdm,
1152 4515 1324 4582 Beatorutn
1348 4513 1489 4608 Sapien-

377 4658 515 4734 tumque
541 4654 637 4705 coetu
662 4633 825 4704 adoratur.

790 4799 1068 4818 t*
