<?xml version="1.0" encoding="UTF-8"?>
<!DOCTYPE html PUBLIC "-//W3C//DTD XHTML 1.0 Transitional//EN"
    "http://www.w3.org/TR/xhtml1/DTD/xhtml1-transitional.dtd">
<html xmlns="http://www.w3.org/1999/xhtml" xml:lang="en" lang="en">
 <head>
  <title>
</title>
<meta http-equiv="Content-Type" content="text/html;charset=utf-8" />
  <meta name='ocr-system' content='tesseract 3.04.00' />
  <meta name='ocr-capabilities' content='ocr_page ocr_carea ocr_par ocr_line ocrx_word'/>
</head>
<body>
  <div class='ocr_page' id='page_1' title='image "./ramayanaidestca00vlgoog_0100.png"; bbox 0 0 3609 5817; ppageno 0'>
   <div class='ocr_carea' id='block_1_1' title="bbox 450 703 1238 801">
    <p class='ocr_par' dir='ltr' id='par_1_1' title="bbox 450 703 1238 801">
     <span class='ocr_line' id='line_1_1' title="bbox 450 703 1238 801; baseline -0.009 -1"><span class='ocrx_word' id='word_1_1' title='bbox 450 722 505 801; x_wconf 80' lang='grc'>86</span> <span class='ocrx_word' id='word_1_2' title='bbox 767 709 856 796; x_wconf 80' lang='lat' dir='ltr'>&#39;Ltn</span> <span class='ocrx_word' id='word_1_3' title='bbox 887 708 922 800; x_wconf 88' lang='lat' dir='ltr'>l.</span> <span class='ocrx_word' id='word_1_4' title='bbox 960 703 1061 797; x_wconf 77' lang='lat' dir='ltr'>Cur.</span> <span class='ocrx_word' id='word_1_5' title='bbox 1094 707 1238 798; x_wconf 87' lang='lat' dir='ltr'><strong>XXV.</strong></span> 
     </span>
    </p>
   </div>
   <div class='ocr_carea' id='block_1_2' title="bbox 333 926 1564 1639">
    <p class='ocr_par' dir='ltr' id='par_1_2' title="bbox 333 926 1564 1639">
     <span class='ocr_line' id='line_1_2' title="bbox 451 926 1560 1019; baseline -0.003 -22"><span class='ocrx_word' id='word_1_6' title='bbox 451 932 549 997; x_wconf 82' lang='lat' dir='ltr'>hasce</span> <span class='ocrx_word' id='word_1_7' title='bbox 575 927 768 1019; x_wconf 78' lang='lat' dir='ltr'>disciplinas</span> <span class='ocrx_word' id='word_1_8' title='bbox 793 951 811 991; x_wconf 87' lang='lat' dir='ltr'>a</span> <span class='ocrx_word' id='word_1_9' title='bbox 836 950 954 1017; x_wconf 88' lang='lat' dir='ltr'>magno</span> <span class='ocrx_word' id='word_1_10' title='bbox 974 945 1044 992; x_wconf 83' lang='lat' dir='ltr'>vate</span> <span class='ocrx_word' id='word_1_11' title='bbox 1071 927 1341 1019; x_wconf 79' lang='lat' dir='ltr'>contemplationi</span> <span class='ocrx_word' id='word_1_12' title='bbox 1359 926 1474 996; x_wconf 84' lang='lat' dir='ltr'>dedito</span> <span class='ocrx_word' id='word_1_13' title='bbox 1492 948 1560 996; x_wconf 80' lang='lat' dir='ltr'>tra·</span> 
     </span>
     <span class='ocr_line' id='line_1_3' title="bbox 333 1049 1560 1146; baseline 0 -26"><span class='ocrx_word' id='word_1_14' title='bbox 333 1098 337 1107; x_wconf 89' lang='lat'><strong>·</strong></span> <span class='ocrx_word' id='word_1_15' title='bbox 389 1079 438 1121; x_wconf 76' lang='lat' dir='ltr'>aa.</span> <span class='ocrx_word' id='word_1_16' title='bbox 452 1054 536 1120; x_wconf 82' lang='lat' dir='ltr'>ditas</span> <span class='ocrx_word' id='word_1_17' title='bbox 562 1054 701 1146; x_wconf 85' lang='lat' dir='ltr'>aceepit.</span> <span class='ocrx_word' id='word_1_18' title='bbox 751 1049 879 1133; x_wconf 84' lang='lat' dir='ltr'><strong>Quibus</strong></span> <span class='ocrx_word' id='word_1_19' title='bbox 911 1050 1129 1142; x_wconf 86' lang='lat' dir='ltr'>amplificatus</span> <span class='ocrx_word' id='word_1_20' title='bbox 1160 1053 1257 1119; x_wconf 88' lang='lat' dir='ltr'>beros</span> <span class='ocrx_word' id='word_1_21' title='bbox 1292 1054 1416 1120; x_wconf 88' lang='lat' dir='ltr'>maiore</span> <span class='ocrx_word' id='word_1_22' title='bbox 1448 1054 1560 1146; x_wconf 82' lang='lat' dir='ltr'>vigore</span> 
     </span>
     <span class='ocr_line' id='line_1_4' title="bbox 452 1174 1563 1267; baseline -0.001 -24"><span class='ocrx_word' id='word_1_23' title='bbox 452 1176 539 1246; x_wconf 88' lang='lat' dir='ltr'>ultro</span> <span class='ocrx_word' id='word_1_24' title='bbox 563 1176 683 1243; x_wconf 81' lang='lat' dir='ltr'>effulsit</span> <span class='ocrx_word' id='word_1_25' title='bbox 695 1228 704 1257; x_wconf 93' lang='lat'><em>‚</em></span> <span class='ocrx_word' id='word_1_26' title='bbox 747 1177 842 1241; x_wconf 87' lang='lat' dir='ltr'>sicuti</span> <span class='ocrx_word' id='word_1_27' title='bbox 875 1194 1024 1267; x_wconf 88' lang='lat' dir='ltr'>tempore</span> <span class='ocrx_word' id='word_1_28' title='bbox 1051 1175 1229 1243; x_wconf 82' lang='lat' dir='ltr'><strong>autumnali</strong></span> <span class='ocrx_word' id='word_1_29' title='bbox 1254 1174 1378 1241; x_wconf 85' lang='lat' dir='ltr'>almum</span> <span class='ocrx_word' id='word_1_30' title='bbox 1403 1174 1492 1243; x_wconf 84' lang='lat' dir='ltr'>Solis</span> <span class='ocrx_word' id='word_1_31' title='bbox 1519 1179 1563 1244; x_wconf 83' lang='lat' dir='ltr'>si-</span> 
     </span>
     <span class='ocr_line' id='line_1_5' title="bbox 390 1298 1561 1391; baseline 0.002 -25"><span class='ocrx_word' id='word_1_32' title='bbox 390 1324 439 1366; x_wconf 79' lang='lat' dir='ltr'>aa.</span> <span class='ocrx_word' id='word_1_33' title='bbox 453 1299 533 1381; x_wconf 84' lang='lat' dir='ltr'>dus,</span> <span class='ocrx_word' id='word_1_34' title='bbox 558 1298 651 1367; x_wconf 89' lang='lat' dir='ltr'>mille</span> <span class='ocrx_word' id='word_1_35' title='bbox 676 1299 777 1365; x_wconf 86' lang='lat' dir='ltr'>radiis</span> <span class='ocrx_word' id='word_1_36' title='bbox 803 1317 1005 1366; x_wconf 88' lang='lat' dir='ltr'>coronatum.</span> <span class='ocrx_word' id='word_1_37' title='bbox 1041 1300 1219 1391; x_wconf 86' lang='lat' dir='ltr'>Postquam</span> <span class='ocrx_word' id='word_1_38' title='bbox 1244 1300 1342 1364; x_wconf 88' lang='lat' dir='ltr'>ambo</span> <span class='ocrx_word' id='word_1_39' title='bbox 1359 1299 1477 1367; x_wconf 83' lang='lat' dir='ltr'>fratres</span> <span class='ocrx_word' id='word_1_40' title='bbox 1493 1300 1561 1368; x_wconf 87' lang='lat' dir='ltr'>Cu·</span> 
     </span>
     <span class='ocr_line' id='line_1_6' title="bbox 453 1421 1562 1516; baseline -0.002 -25"><span class='ocrx_word' id='word_1_41' title='bbox 453 1427 513 1491; x_wconf 81' lang='lat' dir='ltr'>aiei</span> <span class='ocrx_word' id='word_1_42' title='bbox 528 1422 597 1490; x_wconf 81' lang='lat' dir='ltr'>filio</span> <span class='ocrx_word' id='word_1_43' title='bbox 617 1439 734 1488; x_wconf 88' lang='lat' dir='ltr'>cuneta</span> <span class='ocrx_word' id='word_1_44' title='bbox 754 1423 951 1500; x_wconf 88' lang='lat' dir='ltr'>ministeria,</span> <span class='ocrx_word' id='word_1_45' title='bbox 979 1447 1063 1514; x_wconf 91' lang='lat' dir='ltr'>quae</span> <span class='ocrx_word' id='word_1_46' title='bbox 1082 1423 1236 1515; x_wconf 85' lang='lat' dir='ltr'>magistro</span> <span class='ocrx_word' id='word_1_47' title='bbox 1257 1421 1440 1504; x_wconf 78' lang='lat' dir='ltr'>debemur,</span> <span class='ocrx_word' id='word_1_48' title='bbox 1466 1447 1562 1516; x_wconf 82' lang='lat' dir='ltr'>prae·</span> 
     </span>
     <span class='ocr_line' id='line_1_7' title="bbox 454 1544 1564 1639; baseline 0 -26"><span class='ocrx_word' id='word_1_49' title='bbox 454 1550 620 1625; x_wconf 79' lang='lat' dir='ltr'>stiterunt,</span> <span class='ocrx_word' id='word_1_50' title='bbox 646 1548 679 1611; x_wconf 89' lang='lat' dir='ltr'>hi</span> <span class='ocrx_word' id='word_1_51' title='bbox 705 1565 771 1611; x_wconf 88' lang='lat' dir='ltr'>tres</span> <span class='ocrx_word' id='word_1_52' title='bbox 794 1571 864 1611; x_wconf 85' lang='lat' dir='ltr'>earu</span> <span class='ocrx_word' id='word_1_53' title='bbox 892 1564 1024 1612; x_wconf 88' lang='lat' dir='ltr'>noctem</span> <span class='ocrx_word' id='word_1_54' title='bbox 1041 1544 1083 1613; x_wconf 81' lang='lat' dir='ltr'>ad</span> <span class='ocrx_word' id='word_1_55' title='bbox 1107 1545 1247 1639; x_wconf 81' lang='lat' dir='ltr'>Saraytis</span> <span class='ocrx_word' id='word_1_56' title='bbox 1273 1548 1379 1639; x_wconf 83' lang='lat' dir='ltr'>ripam</span> <span class='ocrx_word' id='word_1_57' title='bbox 1410 1570 1564 1639; x_wconf 83' lang='lat' dir='ltr'>percom-</span> 
     </span>
    </p>
   </div>
   <div class='ocr_carea' id='block_1_3' title="bbox 454 1669 781 1767">
    <p class='ocr_par' dir='ltr' id='par_1_3' title="bbox 454 1669 781 1767">
     <span class='ocr_line' id='line_1_8' title="bbox 454 1669 781 1767; baseline -0.003 -30"><span class='ocrx_word' id='word_1_58' title='bbox 454 1669 552 1737; x_wconf 82' lang='lat' dir='ltr'>mode</span> <span class='ocrx_word' id='word_1_59' title='bbox 578 1672 781 1767; x_wconf 78' lang='lat' dir='ltr'>requievere.</span> 
     </span>
    </p>
   </div>
   <div class='ocr_carea' id='block_1_4' title="bbox 794 2291 1157 2357">
    <p class='ocr_par' dir='ltr' id='par_1_4' title="bbox 794 2291 1157 2357">
     <span class='ocr_line' id='line_1_9' title="bbox 794 2291 1157 2357; baseline -0.011 1"><span class='ocrx_word' id='word_1_60' title='bbox 794 2320 796 2326; x_wconf 95' lang='lat'>·</span> <span class='ocrx_word' id='word_1_61' title='bbox 868 2291 1016 2357; x_wconf 77' lang='lat' dir='ltr'><strong>CAPUT</strong></span> <span class='ocrx_word' id='word_1_62' title='bbox 1052 2292 1157 2356; x_wconf 81' lang='lat' dir='ltr'>XXV.</span> 
     </span>
    </p>
   </div>
   <div class='ocr_carea' id='block_1_5' title="bbox 628 2481 1409 2576">
    <p class='ocr_par' dir='ltr' id='par_1_5' title="bbox 628 2481 1409 2576">
     <span class='ocr_line' id='line_1_10' title="bbox 628 2481 1409 2576; baseline 0.001 -3"><span class='ocrx_word' id='word_1_63' title='bbox 628 2481 914 2573; x_wconf 82' lang='lat' dir='ltr'>Couuomno</span> <span class='ocrx_word' id='word_1_64' title='bbox 947 2514 987 2573; x_wconf 84' lang='lat' dir='ltr'>m</span> <span class='ocrx_word' id='word_1_65' title='bbox 1018 2482 1230 2574; x_wconf 79' lang='lat' dir='ltr'>Coronos</span> <span class='ocrx_word' id='word_1_66' title='bbox 1258 2512 1409 2576; x_wconf 83' lang='lat' dir='ltr'>samo.</span> 
     </span>
    </p>
   </div>
   <div class='ocr_carea' id='block_1_6' title="bbox 422 2764 1577 4467">
    <p class='ocr_par' dir='ltr' id='par_1_6' title="bbox 422 2764 1577 4467">
     <span class='ocr_line' id='line_1_11' title="bbox 426 2764 1569 2857; baseline 0.003 -25"><span class='ocrx_word' id='word_1_67' title='bbox 426 2793 450 2832; x_wconf 87' lang='grc' dir='ltr'>ι.</span> <span class='ocrx_word' id='word_1_68' title='bbox 563 2768 697 2831; x_wconf 86' lang='lat' dir='ltr'>Postero</span> <span class='ocrx_word' id='word_1_69' title='bbox 724 2788 836 2845; x_wconf 88' lang='lat' dir='ltr'>mane,</span> <span class='ocrx_word' id='word_1_70' title='bbox 863 2766 960 2831; x_wconf 85' lang='lat' dir='ltr'>simul</span> <span class='ocrx_word' id='word_1_71' title='bbox 985 2785 1083 2857; x_wconf 89' lang='lat' dir='ltr'>atque</span> <span class='ocrx_word' id='word_1_72' title='bbox 1110 2764 1238 2844; x_wconf 86' lang='lat' dir='ltr'>illuxit,</span> <span class='ocrx_word' id='word_1_73' title='bbox 1265 2767 1475 2835; x_wconf 73' lang='lat' dir='ltr'>Vissimitras</span> <span class='ocrx_word' id='word_1_74' title='bbox 1500 2793 1569 2835; x_wconf 80' lang='lat' dir='ltr'>ura·</span> 
     </span>
     <span class='ocr_line' id='line_1_12' title="bbox 462 2886 1571 2981; baseline 0.005 -27"><span class='ocrx_word' id='word_1_75' title='bbox 462 2912 546 2981; x_wconf 82' lang='lat' dir='ltr'>gnus</span> <span class='ocrx_word' id='word_1_76' title='bbox 584 2886 780 2953; x_wconf 75' lang='lat' dir='ltr'>anachoreta</span> <span class='ocrx_word' id='word_1_77' title='bbox 814 2888 995 2981; x_wconf 81' lang='lat' dir='ltr'>appellarit</span> <span class='ocrx_word' id='word_1_78' title='bbox 1027 2888 1297 2969; x_wconf 84' lang='lat' dir='ltr'>Cacutsthidem,</span> <span class='ocrx_word' id='word_1_79' title='bbox 1342 2891 1378 2956; x_wconf 91' lang='lat' dir='ltr'>in</span> <span class='ocrx_word' id='word_1_80' title='bbox 1414 2888 1571 2959; x_wconf 84' lang='lat' dir='ltr'>soliorum</span> 
     </span>
     <span class='ocr_line' id='line_1_13' title="bbox 422 3012 1571 3105; baseline 0.002 -28"><span class='ocrx_word' id='word_1_81' title='bbox 422 3034 579 3082; x_wconf 63' lang='lat' dir='ltr'>aucerre</span> <span class='ocrx_word' id='word_1_82' title='bbox 604 3013 794 3080; x_wconf 81' lang='lat' dir='ltr'>cubantem:</span> <span class='ocrx_word' id='word_1_83' title='bbox 819 3015 910 3081; x_wconf 89' lang='lat' dir='ltr'>Proh</span> <span class='ocrx_word' id='word_1_84' title='bbox 929 3013 1008 3081; x_wconf 79' lang='lat' dir='ltr'>felix</span> <span class='ocrx_word' id='word_1_85' title='bbox 1026 3013 1121 3105; x_wconf 86' lang='lat' dir='ltr'>prole</span> <span class='ocrx_word' id='word_1_86' title='bbox 1143 3040 1200 3080; x_wconf 88' lang='lat' dir='ltr'>sua</span> <span class='ocrx_word' id='word_1_87' title='bbox 1221 3012 1386 3095; x_wconf 74' lang='lat' dir='ltr'>causalia,</span> <span class='ocrx_word' id='word_1_88' title='bbox 1412 3038 1431 3081; x_wconf 95' lang='lat' dir='ltr'>o</span> <span class='ocrx_word' id='word_1_89' title='bbox 1453 3012 1571 3082; x_wconf 70' lang='lat' dir='ltr'>Rima!</span> 
     </span>
     <span class='ocr_line' id='line_1_14' title="bbox 463 3134 1573 3233; baseline 0.005 -34"><span class='ocrx_word' id='word_1_90' title='bbox 463 3134 531 3200; x_wconf 86' lang='lat' dir='ltr'>lam</span> <span class='ocrx_word' id='word_1_91' title='bbox 556 3155 695 3229; x_wconf 87' lang='lat' dir='ltr'>apparet</span> <span class='ocrx_word' id='word_1_92' title='bbox 720 3137 953 3231; x_wconf 85' lang='lat' dir='ltr'>crepusculum</span> <span class='ocrx_word' id='word_1_93' title='bbox 980 3139 1183 3205; x_wconf 83' lang='lat' dir='ltr'>matutinum</span> <span class='ocrx_word' id='word_1_94' title='bbox 1224 3137 1330 3231; x_wconf 83' lang='lat' dir='ltr'>Surge</span> <span class='ocrx_word' id='word_1_95' title='bbox 1355 3161 1433 3233; x_wconf 88' lang='lat' dir='ltr'>age,</span> <span class='ocrx_word' id='word_1_96' title='bbox 1462 3138 1573 3205; x_wconf 88' lang='lat' dir='ltr'>homi-</span> 
     </span>
     <span class='ocr_line' id='line_1_15' title="bbox 463 3255 1572 3352; baseline 0.005 -32"><span class='ocrx_word' id='word_1_97' title='bbox 463 3282 541 3321; x_wconf 87' lang='lat' dir='ltr'>num</span> <span class='ocrx_word' id='word_1_98' title='bbox 575 3255 759 3352; x_wconf 86' lang='lat' dir='ltr'>princeps!</span> <span class='ocrx_word' id='word_1_99' title='bbox 804 3257 980 3325; x_wconf 89' lang='lat' dir='ltr'>Curandae</span> <span class='ocrx_word' id='word_1_100' title='bbox 1020 3276 1096 3326; x_wconf 71' lang='lat' dir='ltr'>stunt</span> <span class='ocrx_word' id='word_1_101' title='bbox 1133 3258 1310 3352; x_wconf 84' lang='lat' dir='ltr'>religiones</span> <span class='ocrx_word' id='word_1_102' title='bbox 1348 3255 1572 3352; x_wconf 75' lang='lat' dir='ltr'>quotidianae.</span> 
     </span>
     <span class='ocr_line' id='line_1_16' title="bbox 423 3379 1573 3475; baseline 0.005 -30"><span class='ocrx_word' id='word_1_103' title='bbox 423 3379 449 3438; x_wconf 80' lang='grc'>3.</span> <span class='ocrx_word' id='word_1_104' title='bbox 461 3381 553 3473; x_wconf 83' lang='lat' dir='ltr'>Regii</span> <span class='ocrx_word' id='word_1_105' title='bbox 580 3380 808 3448; x_wconf 84' lang='lat' dir='ltr'>adolescentes</span> <span class='ocrx_word' id='word_1_106' title='bbox 829 3383 972 3462; x_wconf 88' lang='lat' dir='ltr'>strenui,</span> <span class='ocrx_word' id='word_1_107' title='bbox 998 3381 1108 3449; x_wconf 87' lang='lat' dir='ltr'>audita</span> <span class='ocrx_word' id='word_1_108' title='bbox 1124 3382 1288 3475; x_wconf 87' lang='lat' dir='ltr'>Sapientis</span> <span class='ocrx_word' id='word_1_109' title='bbox 1307 3384 1497 3475; x_wconf 79' lang='lat' dir='ltr'>gravissima</span> <span class='ocrx_word' id='word_1_110' title='bbox 1515 3409 1573 3451; x_wconf 85' lang='lat' dir='ltr'>ex·</span> 
     </span>
     <span class='ocr_line' id='line_1_17' title="bbox 462 3504 1574 3601; baseline 0.004 -32"><span class='ocrx_word' id='word_1_111' title='bbox 462 3504 672 3587; x_wconf 77' lang='lat' dir='ltr'>hortatione,</span> <span class='ocrx_word' id='word_1_112' title='bbox 705 3525 783 3601; x_wconf 88' lang='lat' dir='ltr'>post</span> <span class='ocrx_word' id='word_1_113' title='bbox 816 3505 1012 3573; x_wconf 82' lang='lat' dir='ltr'>lavationem</span> <span class='ocrx_word' id='word_1_114' title='bbox 1044 3510 1255 3601; x_wconf 82' lang='lat' dir='ltr'>corporisne</span> <span class='ocrx_word' id='word_1_115' title='bbox 1281 3506 1433 3574; x_wconf 83' lang='lat' dir='ltr'>solennes</span> <span class='ocrx_word' id='word_1_116' title='bbox 1467 3531 1574 3599; x_wconf 82' lang='lat' dir='ltr'>aquae</span> 
     </span>
     <span class='ocr_line' id='line_1_18' title="bbox 463 3626 1574 3725; baseline 0.004 -34"><span class='ocrx_word' id='word_1_117' title='bbox 463 3626 661 3712; x_wconf 87' lang='lat' dir='ltr'>libationes,</span> <span class='ocrx_word' id='word_1_118' title='bbox 686 3656 805 3725; x_wconf 88' lang='lat' dir='ltr'>preces</span> <span class='ocrx_word' id='word_1_119' title='bbox 830 3634 1062 3699; x_wconf 87' lang='lat' dir='ltr'>sacratissimas</span> <span class='ocrx_word' id='word_1_120' title='bbox 1093 3633 1255 3700; x_wconf 85' lang='lat' dir='ltr'>submissa</span> <span class='ocrx_word' id='word_1_121' title='bbox 1277 3653 1357 3697; x_wconf 81' lang='lat' dir='ltr'>voce</span> <span class='ocrx_word' id='word_1_122' title='bbox 1382 3629 1574 3696; x_wconf 78' lang='lat' dir='ltr'>recitavere.</span> 
     </span>
     <span class='ocr_line' id='line_1_19' title="bbox 424 3744 1577 3845; baseline 0.003 -30"><span class='ocrx_word' id='word_1_123' title='bbox 424 3744 455 3824; x_wconf 79' lang='lat' dir='ltr'>i·</span> <span class='ocrx_word' id='word_1_124' title='bbox 466 3750 597 3817; x_wconf 88' lang='lat' dir='ltr'>Deinde</span> <span class='ocrx_word' id='word_1_125' title='bbox 621 3753 789 3845; x_wconf 83' lang='lat' dir='ltr'>perfuncti</span> <span class='ocrx_word' id='word_1_126' title='bbox 813 3752 1030 3845; x_wconf 83' lang='lat' dir='ltr'>religionibus</span> <span class='ocrx_word' id='word_1_127' title='bbox 1053 3751 1276 3845; x_wconf 84' lang='lat' dir='ltr'>quotidianis,</span> <span class='ocrx_word' id='word_1_128' title='bbox 1301 3750 1505 3818; x_wconf 86' lang='lat' dir='ltr'>coniunctim</span> <span class='ocrx_word' id='word_1_129' title='bbox 1530 3748 1577 3831; x_wconf 72' lang='lat' dir='ltr'>ael</span> 
     </span>
     <span class='ocr_line' id='line_1_20' title="bbox 467 3876 1577 3958; baseline -0.002 -17"><span class='ocrx_word' id='word_1_130' title='bbox 467 3876 714 3958; x_wconf 80' lang='lat' dir='ltr'>Visvaimitram,</span> <span class='ocrx_word' id='word_1_131' title='bbox 741 3880 1005 3946; x_wconf 87' lang='lat' dir='ltr'>castimoniarum</span> <span class='ocrx_word' id='word_1_132' title='bbox 1030 3878 1236 3954; x_wconf 87' lang='lat' dir='ltr'>thesaurum,</span> <span class='ocrx_word' id='word_1_133' title='bbox 1259 3896 1446 3956; x_wconf 79' lang='lat' dir='ltr'>neeessare3</span> <span class='ocrx_word' id='word_1_134' title='bbox 1478 3891 1515 3940; x_wconf 90' lang='lat' dir='ltr'>ut</span> <span class='ocrx_word' id='word_1_135' title='bbox 1541 3891 1577 3939; x_wconf 87' lang='lat' dir='ltr'>et</span> 
     </span>
     <span class='ocr_line' id='line_1_21' title="bbox 425 3989 1573 4093; baseline -0.003 -28"><span class='ocrx_word' id='word_1_136' title='bbox 425 3989 453 4053; x_wconf 79' lang='lat'>5·</span> <span class='ocrx_word' id='word_1_137' title='bbox 467 4000 556 4069; x_wconf 76' lang='lat' dir='ltr'>hurso</span> <span class='ocrx_word' id='word_1_138' title='bbox 577 4020 821 4069; x_wconf 76' lang='lat' dir='ltr'>venerarentur.</span> <span class='ocrx_word' id='word_1_139' title='bbox 856 4003 974 4067; x_wconf 89' lang='lat' dir='ltr'>Denuo</span> <span class='ocrx_word' id='word_1_140' title='bbox 995 4003 1058 4070; x_wconf 86' lang='lat' dir='ltr'>iter</span> <span class='ocrx_word' id='word_1_141' title='bbox 1083 4001 1221 4093; x_wconf 84' lang='lat' dir='ltr'>ingressi</span> <span class='ocrx_word' id='word_1_142' title='bbox 1247 4000 1381 4064; x_wconf 77' lang='lat' dir='ltr'>iuvenes</span> <span class='ocrx_word' id='word_1_143' title='bbox 1403 3994 1573 4066; x_wconf 77' lang='lat' dir='ltr'>fortissimi</span> 
     </span>
     <span class='ocr_line' id='line_1_22' title="bbox 465 4119 1577 4219; baseline -0.009 -26"><span class='ocrx_word' id='word_1_144' title='bbox 465 4144 711 4219; x_wconf 78' lang='lat' dir='ltr'>conspexerunt</span> <span class='ocrx_word' id='word_1_145' title='bbox 729 4143 806 4217; x_wconf 89' lang='lat' dir='ltr'>post</span> <span class='ocrx_word' id='word_1_146' title='bbox 824 4123 1028 4215; x_wconf 86' lang='lat' dir='ltr'>aliquantum</span> <span class='ocrx_word' id='word_1_147' title='bbox 1054 4124 1215 4215; x_wconf 89' lang='lat' dir='ltr'>temporis</span> <span class='ocrx_word' id='word_1_148' title='bbox 1237 4121 1420 4188; x_wconf 84' lang='lat' dir='ltr'>aetherium</span> <span class='ocrx_word' id='word_1_149' title='bbox 1441 4119 1577 4184; x_wconf 84' lang='lat' dir='ltr'>amnem</span> 
     </span>
     <span class='ocr_line' id='line_1_23' title="bbox 466 4223 1577 4344; baseline -0.009 -27"><span class='ocrx_word' id='word_1_150' title='bbox 466 4223 630 4344; x_wconf 59' lang='lat' dir='ltr'>nymphae</span> <span class='ocrx_word' id='word_1_151' title='bbox 653 4251 785 4316; x_wconf 78' lang='lat' dir='ltr'>Triviae</span> <span class='ocrx_word' id='word_1_152' title='bbox 812 4249 857 4332; x_wconf 80' lang='grc' dir='ltr'>Ι),</span> <span class='ocrx_word' id='word_1_153' title='bbox 883 4274 990 4342; x_wconf 87' lang='lat' dir='ltr'>prope</span> <span class='ocrx_word' id='word_1_154' title='bbox 1012 4248 1133 4317; x_wconf 78' lang='lat' dir='ltr'>faustos</span> <span class='ocrx_word' id='word_1_155' title='bbox 1161 4273 1238 4313; x_wconf 89' lang='lat' dir='ltr'>eum</span> <span class='ocrx_word' id='word_1_156' title='bbox 1254 4244 1379 4340; x_wconf 59' lang='lat' dir='ltr'>Sarapi</span> <span class='ocrx_word' id='word_1_157' title='bbox 1402 4242 1577 4311; x_wconf 83' lang='lat' dir='ltr'>coufluen-</span> 
     </span>
     <span class='ocr_line' id='line_1_24' title="bbox 422 4365 1576 4467; baseline -0.004 -29"><span class='ocrx_word' id='word_1_158' title='bbox 422 4375 451 4438; x_wconf 86' lang='lat'>6.</span> <span class='ocrx_word' id='word_1_159' title='bbox 465 4394 522 4442; x_wconf 76' lang='lat' dir='ltr'>tes.</span> <span class='ocrx_word' id='word_1_160' title='bbox 563 4375 614 4439; x_wconf 91' lang='lat' dir='ltr'>lbi</span> <span class='ocrx_word' id='word_1_161' title='bbox 640 4374 719 4439; x_wconf 89' lang='lat' dir='ltr'>situs</span> <span class='ocrx_word' id='word_1_162' title='bbox 745 4392 814 4440; x_wconf 85' lang='lat' dir='ltr'>erut</span> <span class='ocrx_word' id='word_1_163' title='bbox 840 4393 970 4440; x_wconf 87' lang='lat' dir='ltr'>sauctus</span> <span class='ocrx_word' id='word_1_164' title='bbox 997 4398 1125 4438; x_wconf 90' lang='lat' dir='ltr'>eremus</span> <span class='ocrx_word' id='word_1_165' title='bbox 1149 4370 1345 4467; x_wconf 82' lang='lat' dir='ltr'>Sapientem</span> <span class='ocrx_word' id='word_1_166' title='bbox 1367 4365 1576 4460; x_wconf 82' lang='lat' dir='ltr'>contempla·</span> 
     </span>
    </p>
   </div>
   <div class='ocr_carea' id='block_1_7' title="bbox 428 4636 1574 4819">
    <p class='ocr_par' dir='ltr' id='par_1_7' title="bbox 428 4636 1574 4819">
     <span class='ocr_line' id='line_1_25' title="bbox 428 4636 1574 4721; baseline -0.003 -21"><span class='ocrx_word' id='word_1_167' title='bbox 428 4690 432 4700; x_wconf 95' lang='lat'>.</span> <span class='ocrx_word' id='word_1_168' title='bbox 510 4641 541 4707; x_wconf 72' lang='lat' dir='ltr'>l)</span> <span class='ocrx_word' id='word_1_169' title='bbox 568 4641 769 4721; x_wconf 53' lang='lat' dir='ltr'>limminga,</span> <span class='ocrx_word' id='word_1_170' title='bbox 794 4640 892 4700; x_wconf 69' lang='lat' dir='ltr'>tribus</span> <span class='ocrx_word' id='word_1_171' title='bbox 914 4638 1087 4700; x_wconf 82' lang='lat' dir='ltr'>tramitibus</span> <span class='ocrx_word' id='word_1_172' title='bbox 1112 4637 1299 4721; x_wconf 80' lang='lat' dir='ltr'>procedens,</span> <span class='ocrx_word' id='word_1_173' title='bbox 1322 4648 1368 4699; x_wconf 79' lang='lat' dir='ltr'>est</span> <span class='ocrx_word' id='word_1_174' title='bbox 1386 4636 1498 4720; x_wconf 78' lang='lat' dir='ltr'>Gangis</span> <span class='ocrx_word' id='word_1_175' title='bbox 1517 4657 1574 4697; x_wconf 85' lang='lat' dir='ltr'>eo-</span> 
     </span>
     <span class='ocr_line' id='line_1_26' title="bbox 589 4732 1345 4819; baseline 0.005 -23"><span class='ocrx_word' id='word_1_176' title='bbox 589 4759 737 4817; x_wconf 75' lang='lat' dir='ltr'>gnomen,</span> <span class='ocrx_word' id='word_1_177' title='bbox 761 4738 798 4797; x_wconf 77' lang='lat' dir='ltr'>(le</span> <span class='ocrx_word' id='word_1_178' title='bbox 819 4761 880 4819; x_wconf 85' lang='lat' dir='ltr'>quo</span> <span class='ocrx_word' id='word_1_179' title='bbox 901 4740 938 4802; x_wconf 79' lang='lat' dir='ltr'>rs,</span> <span class='ocrx_word' id='word_1_180' title='bbox 960 4740 1032 4801; x_wconf 79' lang='lat' dir='ltr'>Car.</span> <span class='ocrx_word' id='word_1_181' title='bbox 1052 4738 1166 4809; x_wconf 80' lang='lat' dir='ltr'>XLlV,</span> <span class='ocrx_word' id='word_1_182' title='bbox 1193 4758 1272 4803; x_wconf 69' lang='lat' dir='ltr'>ntor.</span> <span class='ocrx_word' id='word_1_183' title='bbox 1292 4732 1345 4800; x_wconf 67' lang='grc'>48,</span> 
     </span>
    </p>
   </div>
   <div class='ocr_carea' id='block_1_8' title="bbox 0 0 1827 5817">
    <p class='ocr_par' dir='ltr' id='par_1_8' title="bbox 0 0 1827 5817">
     <span class='ocr_line' id='line_1_27' title="bbox 0 0 1827 5817; baseline 0 0"><span class='ocrx_word' id='word_1_184' title='bbox 0 0 1827 5817; x_wconf 95' lang='lat' dir='ltr'> </span> 
     </span>
    </p>
   </div>
  </div>
 </body>
</html>
