3609 5817
437 750 491 828 96
739 740 828 828 Lus.
859 739 893 828 l.
932 733 1031 827 Car.
1066 737 1234 826 XXIX.

436 983 505 1026 mat
531 958 643 1024 hilaris
669 956 795 1023 ibidem
820 959 854 1023 iu
876 954 1029 1024 Tddaeae
1055 955 1134 1023 silva
1166 954 1340 1023 commode
1365 976 1544 1050 pernocta·

375 1081 422 1164 ὃς.
437 1085 489 1149 vit.
526 1084 575 1149 Eo
607 1085 680 1173 ipso
713 1098 820 1147 autem
852 1079 906 1148 die
932 1079 1011 1147 silva
1037 1082 1119 1162 ista,
1160 1080 1239 1148 diris
1265 1077 1426 1162 liberata,
1459 1103 1544 1150 uon

436 1208 631 1272 amoenitate
650 1203 785 1287 effulsit,
809 1206 909 1272 veluti
924 1205 1188 1272 Chuitrerutltum
1203 1203 1324 1274 Caveri
1340 1202 1542 1270 viridarium.

374 1334 420 1396 38.
533 1330 677 1395 Eneeata
699 1330 760 1394 ista
782 1329 863 1394 Yaxi
881 1328 949 1396 fitia
963 1331 1096 1410 lldmas,
1118 1326 1235 1421 plausu
1261 1347 1419 1420 exceptus
1445 1326 1544 1395 aSu-

436 1454 556 1545 perdm
581 1478 620 1518 ne
636 1455 811 1519 Brutorum
837 1471 951 1533 coetu,
979 1454 1026 1519 ibi
1054 1477 1129 1519 cum
1151 1452 1346 1518 anachoreta
1368 1453 1541 1544 requievit,

434 1574 477 1641 de
503 1577 583 1643 hora
612 1575 766 1655 diluculi,
793 1601 836 1642 ne
862 1600 937 1642 eam
960 1581 1269 1668 praetermitteret,
1295 1571 1491 1641 admonitae

846 1870 1118 1891 —u-ss--c-o-v-e

831 2198 979 2265 CAPUT
1020 2196 1142 2264 XXIX.
1176 2206 1180 2215 ’

728 2395 936 2490 Tmouou
970 2420 1168 2486 manum
1195 2388 1239 2506 ¹).

390 2704 415 2748 t.
528 2676 605 2743 Post
626 2678 732 2741 noetis
758 2676 854 2741 huius
882 2678 1029 2768 quietem
1052 2699 1190 2769 magnus
1214 2694 1302 2743 setes
1326 2676 1538 2745 visvtmiuu

428 2797 542 2865 ridens
569 2798 774 2892 Raghuidem
804 2799 914 2865 verbis
942 2801 1031 2866 suavi
1063 2824 1144 2867 voce
1170 2796 1307 2892 prolatis
1339 2796 1537 2891 alloquitur:

388 2948 417 2989 2.
430 2922 579 2989 Probasti
597 2942 629 2990 te
655 2923 752 3007 mihi3
777 2941 902 3004 macte,
929 2948 1045 3016 regum
1061 2922 1174 3014 proles
1194 2919 1414 2989 nobilissima!
1440 2920 1538 2989 Sum·

429 3070 482 3112 ma
501 3049 634 3114 caritate
653 3067 762 3115 motus
783 3048 827 3116 do
846 3050 907 3115 tibi
926 3047 1177 3128 universatem,
1203 3048 1325 3140 quibus
1340 3070 1404 3139 per
1420 3048 1539 3114 orbem

375 3207 378 3214 ,
429 3188 590 3237 terrarum
616 3170 767 3237 inimicos
793 3187 865 3236 tuos
891 3172 921 3235 ri
949 3170 1109 3235 cotireitos
1134 3169 1170 3233 iu
1194 3166 1324 3259 proelio
1352 3169 1537 3248 uinces,si

427 3293 478 3361 rel
503 3295 559 3361 Dii
588 3297 654 3361 siut
679 3296 877 3370 Titanesve,
913 3319 990 3361 cum
1018 3289 1225 3357 Gandharvis
1251 3315 1290 3356 ao
1316 3288 1537 3383 Serpentibus

384 3412 414 3489 l·
426 3418 614 3486 consociati.
648 3418 745 3485 Dabo
766 3419 827 3485 tibi
847 3436 1003 3510 tanquam
1028 3416 1148 3484 amoris
1170 3416 1290 3508 pignus
1315 3437 1536 3507 quaecuuque

469 3691 502 3765 l)
522 3692 639 3753 Totum
671 3690 732 3751 hoc
758 3700 854 3771 eaput
880 3710 951 3749 eum
973 3690 1113 3771 sequenti
1134 3699 1254 3771 spectat
1277 3688 1317 3750 ad
1336 3689 1536 3770 superstitio-

546 3813 616 3853 nem
636 3811 696 3872 per
716 3789 833 3850 indiam
854 3787 930 3848 olim
951 3788 1014 3849 late
1033 3800 1256 3873 propagatam,
1280 3799 1441 3851 certorum
1454 3785 1536 3852 ‘mm

547 3892 665 3951 minum
688 3890 822 3966 virtute,
846 3911 925 3972 quae
945 3890 1129 3951 memoriter
1148 3890 1285 3952 ediscere
1306 3911 1343 3950 ae
1364 3889 1427 3952 leni
1449 3910 1538 3951 mur·

545 4011 636 4051 mure
655 3989 789 4050 recitare
810 3989 1000 4071 oportebat,
1036 3990 1158 4073 acquiri
1180 4011 1266 4072 posse
1290 3989 1462 4073 disciplinas
1482 4011 1537 4050 ar-

546 4110 637 4150 canas
664 4090 885 4171 facultatesque
909 4099 1038 4150 naturae
1057 4088 1211 4151 humanae
1230 4090 1359 4153 modum
1379 4106 1453 4154 exce
1477 4111 1535 4168 en-

546 4197 602 4252 tes.
643 4187 691 4248 Eo
716 4188 775 4249 iam
798 4188 943 4249 alluserat
964 4199 1057 4271 poeta
1082 4191 1253 4266 exxtn,
1281 4187 1453 4251 11—18.-
1519 4212 1536 4250 u

544 4286 620 4349 luteo
640 4289 830 4370 incorporea
843 4289 961 4370 partim
981 4290 1145 4351 efformata
1160 4289 1283 4351 suntad
1304 4288 1537 4352 similitudinem

544 4407 677 4463 eorum,
698 4409 777 4468 quae
793 4387 849 4449 diis
867 4388 1057 4472 diversisque
1072 4389 1281 4451 semideorum
1299 4388 1462 4451 ordinibus
1477 4390 1538 4451 tri.

544 4486 598 4548 itui
620 4490 732 4558 solent,
756 4488 928 4569 pertimet
951 4511 1040 4550 mero
1066 4490 1181 4572 ingenii
1203 4489 1270 4551 lusu
1292 4487 1458 4572 prodier&
1478 4510 1538 4549 nec

545 4588 632 4649 facile
654 4589 736 4649 foret
761 4589 904 4665 definire,
929 4609 1095 4673 quemnam
1114 4612 1220 4651 eorum
1237 4592 1368 4675 effigiem
1384 4590 1414 4652 iu
1430 4590 1536 4651 auimo

542 4683 687 4748 habuerit
719 4698 835 4768 poeta.
870 4698 900 4749 et
932 4711 1080 4770 quasnam
1108 4691 1230 4772 singulis
1256 4692 1386 4754 virtutes
1410 4692 1538 4783 subesse

541 4786 685 4847 voluerit.
