3609 5817
570 709 805 802 Eersoonm
836 736 891 800 nu
917 734 1177 800 vissanum.
1348 716 1431 799 185

317 925 445 1028 ¹ibique
471 927 679 1000 castimonlas
702 927 960 998 observabimus.
1010 923 1050 993 In
1075 944 1163 994 terre
1182 920 1293 993 Vislla
1317 931 1471 995 verensi.

326 1058 540 1128 occidentem
574 1056 635 1122 sita
664 1050 708 1121 sd
737 1054 981 1122 Pusbcarorum
1006 1049 1037 1136 ²)
1071 1049 1187 1119 silvam
1217 1046 1431 1131 secedentes,

326 1177 505 1250 commode
537 1174 754 1272 religionibus
785 1173 980 1266 fungemur:
1011 1171 1049 1240 id
1081 1172 1172 1240 enim
1203 1170 1361 1237 eximium
1380 1187 1432 1238 est

327 1299 541 1371 castimoniae
569 1320 696 1366 uemns.
752 1293 814 1363 llis
844 1292 943 1362 dictis
973 1316 1111 1387 magnus
1142 1289 1355 1372 anachoreta,
1385 1277 1470 1360 adl·

324 1424 509 1492 Pnsboaros
533 1417 726 1516 proiectus,
750 1416 956 1485 severissima
976 1413 1172 1483 abstinentia
1197 1435 1269 1479 sese
1291 1413 1430 1506 castiga·

322 1548 380 1628 vit,
401 1540 570 1614 radicibus
594 1542 774 1638 pomisque
790 1537 994 1606 silvestribus
1019 1536 1119 1605 vitum
1143 1553 1337 1605 sustentans
1361 1527 1467 1604 Eo-t·

325 1668 405 1737 dem
438 1686 547 1736 autem
585 1683 736 1758 tempore
773 1661 1021 1757 potentissimus
1049 1657 1234 1754 Ayddbysc
1267 1682 1345 1739 res,
1375 1661 1452 1748 cui*

324 1788 525 1859 Ambsrtsbo
550 1808 674 1855 nomen
699 1802 769 1852 erat
788 1776 841 1873 ⁵),
863 1803 994 1850 sucrum
1019 1778 1191 1848 celebrare
1215 1778 1348 1854 molitus
1371 1797 1428 1850 est

325 2004 605 2027 m

446 2129 479 2191 iu
508 2128 674 2191 Trissncds
703 2127 833 2209 gretiam
864 2132 1077 2188 consummato
1111 2125 1213 2186 victos
1251 2122 1431 2187 discesserat

445 2226 656 2290 Visslmitras.
713 2225 775 2287 Nec
804 2232 907 2287 tamen
942 2223 1039 2286 ullsun
1068 2222 1150 2285 aliud
1179 2222 1430 2310 impedimentum

446 2335 648 2389 memormur.
689 2326 730 2387 At
752 2323 869 2385 unimus
890 2323 1077 2408 irrequietus
1095 2344 1166 2387 enm
1187 2322 1219 2385 in
1238 2322 1345 2387 eudem
1358 2322 1431 2387 sede

447 2447 510 2487 non
537 2424 591 2487 diu
612 2426 731 2486 morari
755 2424 882 2485 sinebat
936 2424 1095 2508 ingeniose
1116 2422 1243 2486 omuino
1265 2432 1298 2487 et
1320 2422 1430 2487 callide

444 2524 626 2588 adumbrata
654 2532 700 2586 est
718 2523 924 2587 visvtmitrse
959 2522 1087 2588 indoles·
1141 2524 1210 2603 ille,
1228 2524 1327 2610 qualis
1353 2524 1429 2586 olim

443 2626 547 2688 luerat
568 2646 621 2688 ses
635 2623 888 2702 bellicosissimus,
909 2625 1115 2689 certaminum
1133 2624 1314 2711 gloriaeque
1334 2624 1427 2709 cupi.

444 2726 518 2805 dus,
538 2723 655 2802 nudus,
683 2745 773 2802 scer,
802 2724 927 2809 iniquus
959 2723 1135 2804 interdum,
1158 2725 1341 2810 saepiusque
1360 2746 1428 2786 ms·

442 2825 621 2909 gnanimus:
654 2823 747 2887 telem
778 2824 947 2887 etiamnum
976 2825 1009 2889 iu
1032 2824 1238 2889 anochoretae
1259 2831 1293 2889 et
1310 2831 1430 2889 esoehe

445 2923 626 2988 conditione
648 2924 765 3009 ubique
783 2945 815 2986 se
832 2924 950 3009 prodit

360 3050 392 3128 Ἰ)
413 3045 531 3127 nata,
553 3047 689 3131 amplum
703 3051 862 3133 psalm,
883 3049 986 3122 lotus;
1008 3059 1080 3112 sunt
1100 3051 1250 3113 vocubnln
1272 3052 1303 3115 in
1324 3050 1429 3114 nomi·

443 3148 532 3211 nibus
566 3148 704 3232 propriis
732 3148 937 3232 frequentate.
991 3149 1133 3212 Vidimus
1159 3153 1270 3213 urbem
1293 3150 1429 3215 Visilam

445 3248 528 3309 inter
547 3251 684 3330 Gangem
715 3255 748 3308 et
766 3248 931 3309 blithilam:
966 3249 1004 3309 cs.
1029 3258 1133 3315 nnnot
1159 3249 1199 3313 nd
1227 3271 1294 3334 cop.
1313 3251 1355 3327 L,
1378 3250 1426 3312 22.

446 3344 589 3426 Ujjays‘ut
615 3347 857 3431 quoque,n1·lss
888 3346 1144 3423 celebratissinn,
1172 3348 1283 3410 eodcus
1302 3349 1428 3413 nomine

439 3445 611 3530 insignitur.
630 3449 876 3525 bisons-nura,
897 3448 966 3510 dist.
990 3444 1040 3508 39.
1082 3449 1145 3511 Sed
1165 3447 1241 3511 haec
1261 3447 1363 3511 V'uela
1382 3459 1429 3511 est

442 3545 527 3627 regio
556 3546 661 3610 ludius
688 3546 908 3625 occidentalis,
933 3558 965 3611 et
1000 3549 1033 3611 iu
1056 3569 1093 3611 ea
1130 3548 1211 3610 lucus
1231 3546 1426 3626 Pmbcsrus,

440 3644 490 3720 (cs.
512 3645 591 3706 iussn
609 3648 712 3722 txn,
736 3648 773 3723 1.)
802 3667 905 3730 prope
932 3646 1042 3710 urbem
1072 3647 1254 3711 hodiernum
1284 3649 1423 3729 Ajosem

439 3744 566 3809 nomine
587 3768 604 3806 a
624 3754 675 3808 tot
695 3746 768 3809 inde
786 3747 895 3810 seculis
913 3756 1047 3810 serrato.
1060 3749 1106 3810 (li
1123 3750 1347 3828 Wusoulsrx.
1358 3769 1382 3811 s.
1396 3769 1425 3809 s.

439 3846 525 3921 Quin
557 3853 589 3907 et
608 3846 701 3909 situm
732 3847 797 3910 eius
819 3847 1067 3911 amoenissimum
1098 3850 1221 3931 pictura
1242 3850 1309 3913 aeri
1332 3849 1426 3911 incisa

439 3954 511 4007 aute
541 3946 648 4007 oculos
680 3946 768 4008 nobis
796 3948 903 4032 posuit
932 3949 971 4010 V.
1004 3950 1057 4010 Cu.
1084 3951 1150 4011 lic.
1177 3950 1246 4011 Tou
1275 3949 1307 4009 iu
1329 3969 1427 4032 opere

439 4046 565 4129 egregio
583 4046 702 4108 Ammls
721 4045 786 4109 und
803 4051 973 4133 mstiqnsbes
990 4051 1032 4128 eff
1045 4049 1219 4129 ffljmtlan,
1241 4047 1311 4110 Vol.
1331 4050 1366 4124 1,
1387 4046 1426 4109 ed

438 4166 508 4226 pag.
527 4144 598 4205 774.
660 4146 880 4228 Suscipiuntur
898 4149 1068 4210 etiamnum
1087 4149 1353 4232 peregrinationes
1386 4149 1426 4212 ad

439 4243 523 4306 bunc
558 4243 658 4305 lucum
688 4246 843 4329 religionis
864 4268 987 4325 caussa,
1016 4270 1110 4332 qnam
1129 4249 1298 4311 sanctitatis
1315 4249 1426 4313 fimum

439 4344 504 4407 siue
527 4343 623 4407 dubio
636 4346 841 4410 Visvdmitrae
863 4349 1103 4411 commorationi
1124 4349 1225 4412 debet
1402 4331 1426 4382 Ψ

348 4471 382 4549 3)
411 4468 604 4530 Ambusu'sbns
622 4468 783 4551 vigesimus
805 4493 904 4534 nonus
927 4479 972 4533 est
992 4472 1031 4534 ub
1053 4474 1161 4534 txvtcn
1183 4474 1227 4549 (C.
1239 4474 1342 4551 Lxx,
1357 4474 1426 4553 ton

438 4577 601 4649 separatur
621 4569 726 4652 itaque
748 4570 813 4632 eius
834 4593 964 4654 regnum
986 4571 1133 4634 immenso
1153 4572 1304 4655 temporis
1326 4572 1424 4637 iuter.

438 4666 518 4727 sallo
542 4690 559 4726 a
589 4669 753 4733 Trisancds
782 4670 868 4746 sutis,
899 4671 929 4730 in
953 4671 1064 4753 quibus
1091 4671 1291 4734 Visvlmittss
1344 4682 1424 4738 artes

439 4767 600 4849 primarias
627 4778 741 4853 egerat
793 4770 1043 4847 remansero,
1073 4770 1128 4856 qui
1154 4695 1342 4886 med
1371 4797 1422 4837 re·
