3609 5817
461 718 510 795 to
818 702 902 790 [ιιι.
937 702 969 791 1.
1008 699 1107 792 Car.
1142 702 1200 791 ll.

414 921 728 1017 7‚pelluct‹lumque
764 926 860 989 sicuti
890 948 983 989 mens
1010 924 1182 990 bonorum.
1235 928 1359 1017 Aptans
1385 925 1420 992 id
1447 944 1495 994 est
1522 925 1563 991 ad

455 1046 649 1129 lavandum,
681 1044 785 1113 lundo
811 1044 959 1139 aequali,
993 1043 1188 1138 placidum,
1222 1047 1417 1142 limpidum,
1452 1049 1563 1143 glarca

419 1241 431 1259 Ι
455 1173 580 1238 minuta
602 1189 821 1254 constratum,
847 1167 1007 1261 deponito
1027 1193 1182 1254 urceum,
1209 1170 1324 1255 sodes,
1346 1192 1379 1241 et
1399 1174 1561 1269 porrigito

412 1318 441 1380 3,
455 1298 536 1363 mihi
561 1293 838 1389 subligaculumc
863 1292 951 1361 libro
978 1312 1175 1361 contextum.
1207 1295 1404 1392 immergam
1422 1323 1476 1366 me
1496 1299 1561 1366 hoc

455 1423 588 1515 egregio
610 1421 769 1487 Tamasae
795 1419 897 1503 vad03
932 1417 1109 1512 diligenter
1135 1437 1327 1504 accuretur,
1360 1447 1404 1489 ne
1430 1441 1560 1517 tempus

412 1577 440 1638 9.
455 1564 682 1639 opportunum
706 1563 900 1638 praetereat
951 1542 1012 1609 Ille
1034 1545 1180 1634 magistri
1207 1545 1296 1610 iussu
1327 1542 1519 1613 festinanter
1543 1573 1562 1612 a

454 1671 585 1762 tugurio
606 1692 768 1747 reversus,
783 1662 1025 1759 subligaculum
1042 1688 1155 1730 secum
1174 1664 1308 1733 allatum
1328 1669 1482 1761 magistro
1504 1693 1561 1735 ex-

396 1830 438 1869 10,
454 1794 568 1859 hibuit.
620 1790 785 1858 lemlces
812 1816 830 1856 c
856 1787 1012 1881 discipuli
1050 1813 1147 1854 manu
1184 1812 1321 1884 accepto
1354 1790 1564 1885 subligaculo

453 1915 603 1996 indutus,
627 1917 662 1981 in
688 1938 809 2007 aquam
828 1914 1002 1978 immersus
1021 1936 1124 2004 quum
1145 1937 1179 1977 se
1198 1913 1375 1998 abluisset,
1401 1917 1561 2009 precibus

394 2039 614 2117 .1‚submissa
639 2061 721 2105 voce
746 2037 910 2117 recitatis,
942 2034 1039 2100 latice
1064 2036 1099 2100 in
1125 2036 1274 2103 Manium
1296 2038 1473 2133 Deumque
1498 2040 1561 2106 ho-

453 2186 570 2229 norem
590 2161 654 2228 rite
675 2160 797 2241 libato,
823 2156 1003 2225 ambulavit
1023 2155 1202 2254 deinceps,
1228 2160 1341 2229 silvam
1359 2160 1561 2254 profundam

394 2286 601 2379 mundique
636 2282 827 2379 dispiciens.
879 2284 978 2349 Tunc
1003 2283 1051 2349 ibi
1079 2286 1251 2378 conspexit
1278 2283 1453 2352 ardentum
1476 2311 1562 2380 par,

451 2408 608 2503 pulcrum
628 2411 718 2489 nisu,
744 2410 831 2475 circa
852 2409 1013 2474 Tamasae
1032 2409 1141 2502 ripam
1158 2412 1340 2477 securitatis
1357 2410 1473 2477 habitu
1490 2436 1561 2478 am·

393 2534 645 2607 scholaruum.
686 2534 736 2599 Ex
759 2534 823 2600 hoc
848 2551 955 2599 autem
977 2536 1051 2626 pari
1072 2532 1230 2611 alterum,
1257 2556 1381 2599 marem
1389 2584 1399 2615 ‚
1424 2552 1561 2602 venator

451 2656 565 2725 indole
583 2657 698 2739 ferox,
724 2659 783 2750 qui
802 2656 916 2723 furtim
937 2658 1083 2724 subierat
1108 2656 1351 2737 inobservatus,
1376 2656 1466 2722 iuxta
1482 2682 1560 2723 ana-

393 2787 438 2870 ¹4·
453 2782 622 2847 choretam
639 2779 706 2847 telo
721 2780 894 2872 percussit
942 2780 1059 2862 Hunc,
1084 2780 1243 2847 membris
1262 2803 1380 2847 cruore
1400 2803 1561 2873 consper-

450 2906 512 2985 sis,
540 2902 758 2997 palpitantem
778 2905 813 2968 in
836 2921 924 2969 terra
947 2901 1063 2971 videns
1083 2905 1182 2972 ardea
1201 2902 1323 2970 semina
1339 2902 1474 2986 afflicta,
1500 2906 1559 2971 sse-

393 3026 562 3096 15.bilitcr
594 3026 726 3094 eiulavit
749 3049 813 3118 per
837 3036 913 3091 ae'ra
946 3028 1237 3109 circumvolitans,
1275 3028 1390 3093 orbata
1419 3028 1560 3120 coniuge

449 3174 528 3233 suo,
555 3148 639 3218 alato
663 3151 805 3229 comite,
841 3148 952 3215 rubris
974 3154 1095 3242 pennis
1122 3153 1275 3233 cristato,
1300 3149 1439 3230 lascivo,
1466 3149 1562 3217 volu-

391 3275 516 3357 16.c1·i,
543 3298 657 3341 secum
683 3271 846 3366 copulato.
898 3271 974 3339 Tali
1005 3292 1088 3344 statu
1113 3299 1217 3368 quum
1242 3298 1336 3341 avem
1361 3299 1379 3340 a
1403 3291 1560 3341 venatore

448 3397 611 3467 deiectam
632 3395 784 3480 vidisset,
809 3396 950 3492 Sapiens
976 3397 1034 3464 ille
1060 3399 1136 3490 pius
1159 3395 1389 3465 misericordia
1410 3421 1558 3466 commo-

390 3552 435 3613 ¹7·
448 3544 499 3593 tus
526 3543 584 3591 est
636 3525 710 3607 Quo
746 3540 862 3589 tenero
897 3524 999 3588 animi
1025 3521 1143 3588 affectu
1167 3545 1270 3614 porro
1292 3520 1384 3588 nefas
1408 3522 1473 3588 hoc
1499 3521 1561 3588 de-

448 3654 583 3716 testatus
608 3664 722 3724 vates,
762 3644 992 3737 contemplans
1018 3642 1153 3711 ardeam
1183 3647 1278 3710 istam
1310 3643 1466 3711 flebiliter
1491 3644 1560 3710 cla-

391 3770 627 3848 ruminantem,
652 3770 735 3835 haec
751 3767 887 3833 cecinit:
916 3766 1069 3833 ”Utinam
1085 3792 1127 3833 ne
1145 3787 1189 3847 tu,
1211 3785 1356 3850 venator,
1378 3791 1441 3861 per
1458 3790 1557 3835 omne

449 3908 584 3959 ”aevum
608 3893 696 3958 bona
721 3889 807 3958 sama
831 3888 1000 3984 gaudeas,
1032 3887 1123 3982 quod
1150 3916 1189 3958 cx
1214 3889 1389 3958 ardearum
1413 3892 1485 3983 pari
1512 3888 1559 3955 al-

392 4028 576 4099 tpttcrum
603 4016 744 4096 necasti,
770 4036 882 4080 amore
903 4011 1142 4105 flagrantemls
1173 4016 1263 4083 Dum
1289 4018 1333 4083 ita
1358 4012 1558 4108 loquebatur

1157 4123 1172 4152 Ι

568 4357 681 4410 statuo.
705 4346 783 4407 Aac.
795 4344 895 4407 Canu.
908 4345 980 4409 Cur.
999 4346 1027 4421 l,
1048 4342 1098 4405 30.
1134 4346 1209 4409 lnda
1222 4346 1337 4408 horum
1353 4345 1488 4428 capitum
1501 4366 1560 4404 au.

567 4457 640 4510 ctor
655 4456 686 4508 et
699 4465 811 4507 nomen
827 4455 859 4508 et
872 4466 1038 4527 personam
1052 4445 1114 4507 huc
1129 4447 1299 4508 traduxisse
1313 4446 1452 4507 videtur:
1475 4444 1560 4506 haud

567 4548 639 4610 satis
657 4556 728 4628 apte
745 4546 870 4630 quidem
888 4546 918 4606 in
937 4557 998 4607 tam
1015 4545 1136 4608 diversa
1153 4548 1234 4609 vitae
1255 4532 1453 4623 conditione,
1475 4556 1557 4609 atta-

567 4669 637 4709 men
657 4648 818 4724 consnlto,
838 4656 872 4708 ut
889 4656 979 4708 tanto
1000 4645 1152 4729 discipulo
1171 4650 1270 4710 maior
1290 4656 1402 4731 poetae
1428 4645 1559 4730 dignitas

568 4759 763 4812 accresceret.
