3609 5817
364 713 449 794 296
684 700 772 787 Lm.
795 696 854 786 ll.
886 690 989 787 Car.
1006 689 1156 782 XVII.

367 950 405 990 ox
430 920 563 1012 fastigiis
581 915 740 985 domnam
763 910 1165 1009 pronuntiatasaudiebat
1185 905 1359 973 bominum
1379 903 1470 996 prin-

365 1073 443 1140 eeps
466 1069 529 1139 per
554 1045 638 1111 tiam
663 1042 790 1134 regiam
815 1035 1016 1132 ingrediens.

795 1341 1061 1361 m

778 1607 929 1675 CAPUT
951 1605 1058 1674 XVII.

717 1821 878 1912 Rama
910 1841 1121 1910 accensus.

329 2067 353 2108 ¹.
468 2047 512 2111 m
539 2045 661 2110 sanstus
687 2043 803 2108 Rimas
829 2063 965 2108 ascenso
991 2061 1109 2114 curru,
1143 2031 1270 2098 laetitia
1308 2027 1473 2100 cumulans

367 2170 534 2236 sociorum
570 2165 769 2247 cohortem,
799 2163 974 2259 conspexit
998 2160 1117 2227 urbem
1142 2157 1281 2224 dirersis
1306 2153 1473 2222 bominum

326 2309 354 2352 2·
368 2290 544 2359 ordinibus
573 2289 752 2384 oppletam.
803 2288 972 2356 Processit
1001 2281 1125 2351 deinde
1152 2305 1215 2374 pcr
1235 2274 1384 2344 mediam
1407 2272 1474 2368 pla·

368 2433 467 2492 team,
493 2411 666 2508 agalloclro
689 2413 837 2494 suffitam,
867 2409 1023 2478 domibus
1045 2407 1128 2475 albis
1149 2404 1291 2472 nubium
1319 2403 1422 2469 instar
1443 2399 1474 2462 in

326 2530 501 2606 5·aetl1ere
540 2558 775 2628 suspensorum
808 2530 1015 2600 illustratam.
1072 2529 1168 2598 Vidit
1202 2527 1294 2594 bunc
1330 2521 1475 2620 regalem

368 2660 533 2726 tramitem
561 2658 705 2724 cinctum
730 2655 826 2721 variis
862 2653 1002 2720 ssoribus
1038 2650 1248 2746 dapibusque
1283 2649 1394 2718 omnis
1424 2669 1476 2738 ge-

368 2783 469 2861 neris,
493 2781 534 2844 ab
560 2795 702 2868 utroque
727 2775 831 2842 latore
858 2776 1036 2868 appositis,
1061 2775 1158 2843 sicuti
1182 2776 1217 2840 in
1245 2771 1343 2842 coelo
1369 2769 1476 2840 Coeli·

326 2898 439 2976 dmm
473 2901 647 2968 tramitem.
704 2896 917 2965 Procedebat
954 2917 1065 2966 autem
1091 2897 1230 2966 audiens
1263 2899 1322 2992 pia
1354 2913 1431 2964 vota
1457 2921 1475 2962 a

369 3024 482 3091 multis
505 3021 593 3089 clara
615 3047 696 3090 voce
716 3042 923 3116 murcupata,
958 3026 1117 3118 civesque
1151 3026 1251 3090 etiam
1283 3047 1349 3118 pro
1371 3023 1475 3090 cuius

329 3147 357 3211 5.
372 3174 438 3242 quc
477 3147 635 3241 dignitato
667 3147 820 3216 salutans.
881 3147 1014 3242 Sospita
1044 3173 1127 3233 nos,
1157 3143 1398 3214 acclamabant
1428 3149 1476 3220 οἱ,

370 3275 443 3365 ipsc
469 3289 691 3352 consecratus,
718 3271 904 3340 succedens
930 3271 1033 3340 bodie
1058 3273 1093 3338 in
1120 3269 1393 3352 condemnant,
1417 3295 1478 3364 qtta

327 3393 357 3458 6.
372 3397 421 3461 ari
448 3397 494 3462 tui
520 3397 677 3488 atavique¹
702 3413 932 3488 perrexeruut.
985 3393 1275 3478 Quemadmodum
1300 3409 1398 3488 patcr
1420 3393 1479 3458 lut-

373 3521 422 3585 ius
449 3522 627 3611 cunctique
655 3520 795 3586 maiores
822 3521 1043 3587 amantissime
1069 3543 1129 3586 uos
1152 3519 1322 3595 iuverunt,
1348 3517 1483 3608 pariter,

331 3665 412 3724 ‘pac
447 3639 624 3706 iucundius
661 3639 781 3726 ctiam,
812 3641 874 3704 sub
907 3641 1008 3706 Raima
1036 3665 1118 3734 rege
1144 3640 1379 3707 habitabimus.
1429 3635 1483 3704 Sat

374 3761 475 3829 hodic
500 3762 684 3854 epularum,
710 3782 826 3856 satque
850 3763 948 3830 nobis
965 3782 1014 3831 est
1032 3761 1243 3846 lautitiarum,
1269 3757 1484 3830 liceatmodo

330 3881 486 3952 &ridere
513 3884 735 3978 prodeuntem
760 3887 906 3968 Ratnaan,
931 3888 966 3953 in
988 3887 1130 3980 imperio
1156 3883 1359 3954 stabilitum!
1384 3881 1483 3952 Tales

372 4007 522 4101 aliosque
548 4010 731 4075 amicorum
755 4035 926 4076 sermones
951 4011 1039 4076 benc
1063 4011 1260 4104 attspieatoS,
1285 4009 1351 4076 sibi
1374 4007 1483 4076 bono-

372 4131 501 4212 rificos,
537 4129 670 4223 placide
707 4132 892 4199 auscultans
923 4133 1038 4200 Rimas
1065 4132 1226 4200 transibat
1248 4157 1313 4226 per
1338 4127 1485 4224 amplam

331 4271 360 4331 9.
374 4251 524 4344 plateam.
576 4257 682 4322 ¹b'erno
709 4283 729 4322 a
754 4258 871 4322 iurene
898 4259 1199 4348 praestaustissiano
1229 4271 1362 4348 poterat
1390 4277 1486 4320 men-

373 4393 441 4442 tem
471 4375 655 4471 oculosque
690 4379 903 4460 abstrahere,
941 4405 985 4446 nc
1016 4399 1083 4446 turn
1117 4377 1277 4472 quidem,
1312 4401 1391 4446 cnm
1420 4377 1488 4442 iarn

318 4514 360 4558 ¹⁰·
374 4502 610 4590 praeterieram
644 4505 894 4596 etquicunque
923 4505 1055 4571 Raitnaua
1089 4529 1157 4571 nou
1182 4501 1331 4582 viderat,
1364 4519 1423 4568 aut
1443 4499 1486 4564 ab

375 4619 431 4686 illo
459 4647 526 4688 uana
562 4624 669 4692 suerat
691 4627 794 4700 nisus,
834 4629 858 4692 is
895 4629 937 4694 ab
973 4629 1126 4694 uirtutibus
1158 4623 1489 4721 reprelternlebatur,

318 4759 413 4812 ¹¹·ae
441 4746 574 4812 sibimet
600 4749 673 4842 ipse
697 4750 907 4846 displicebat.
967 4753 1100 4818 Etenim
1134 4754 1236 4818 iustus
1270 4747 1328 4816 ille
1357 4749 1521 4828 cunctis¹
