3609 5817
381 709 432 790 tt
703 703 790 789 lan.
822 700 855 789 l.
893 698 992 791 Car.
1026 701 1150 792 xlx.

379 917 485 984 edidit
510 916 624 984 muudi
652 918 840 1000 dominum,
867 920 908 985 ab
936 921 1094 989 universis
1120 922 1340 991 animantibus
1365 922 1481 993 adora·

335 1045 465 1124 40tum,
490 1044 640 1124 iliatam,
667 1043 785 1112 divinis
807 1046 893 1113 notis
919 1046 1118 1139 insignitam.
1153 1048 1226 1132 Quo
1249 1066 1324 1115 nato
1345 1050 1481 1116 immem

378 1192 432 1235 sae
458 1170 631 1237 maiestatis
657 1168 859 1261 gloriabatur
875 1170 1042 1253 causalia,
1068 1169 1159 1238 baud
1177 1195 1271 1238 secus
1288 1189 1387 1265 atque
1399 1170 1481 1238 Adi-

334 1298 363 1360 ⁵.
378 1291 418 1357 tis
441 1289 606 1383 Superdm
630 1294 807 1385 principe,
842 1291 1017 1360 fulminum
1041 1291 1229 1360 iaculatore.
1277 1293 1411 1362 Etenim
1430 1296 1480 1376 is,

377 1438 463 1507 pucr
485 1413 754 1508 Lotophyllops,
789 1412 830 1481 ad
856 1414 994 1483 salutcm
1019 1417 1232 1483 animantium
1255 1434 1287 1483 et
1311 1415 1354 1483 ad
1382 1417 1482 1485 Riva-

320 1571 324 1579 ⁴
376 1564 439 1606 uae
465 1561 582 1606 necem
605 1565 623 1606 e
649 1538 788 1608 dimidio
820 1542 978 1607 essentiae
1003 1540 1148 1607 Vislrntls
1176 1557 1370 1632 procreatus
1403 1557 1479 1608 crat.

332 1665 363 1730 6.
377 1664 497 1732 Cdcel’a
528 1666 622 1731 enixa
655 1682 705 1732 est
731 1662 836 1731 filium
861 1689 938 1731 vere
962 1663 1098 1746 sortem,
1130 1666 1303 1731 Blraratam
1327 1664 1480 1744 nomine,

377 1787 504 1855 cunctis
530 1788 704 1855 virtutibus
728 1787 1006 1881 praecellentem,
1039 1790 1074 1853 in
1099 1812 1167 1880 quo
1192 1806 1308 1881 quarta
1335 1787 1482 1856 Visbnds

333 1945 361 2006 7,
376 1934 453 2002 pars
483 1936 595 1980 coram
620 1913 794 1981 visebatur.
844 1916 949 1981 Porro
978 1911 1120 1979 Sumitra
1151 1910 1287 2004 peperit
1313 1910 1401 1980 lilios
1426 1935 1481 2005 ge-

375 2032 515 2116 mellos,
545 2036 749 2101 Laxmanum
779 2052 813 2103 et
836 2035 1078 2128 Satrughnam,
1116 2034 1200 2102 fidos
1233 2036 1269 2100 in
1301 2023 1481 2129 obsequio,

376 2159 504 2250 magnis
536 2160 708 2229 conatibus
741 2183 863 2254 pares,
906 2178 1000 2252 parte
1031 2158 1141 2251 aliqua
1168 2156 1314 2225 Vishutis
1344 2156 1481 2226 dotatus.

333 2281 362 2343 8.
376 2282 531 2349 Bharatas
566 2300 693 2363 autem,
730 2281 883 2375 placidae
914 2281 1036 2350 indolis
1069 2307 1173 2377 puer,
1207 2299 1302 2349 natus
1336 2300 1386 2349 est
1420 2282 1480 2349 sub

377 2422 489 2473 octava
516 2404 616 2472 domo
641 2403 775 2487 lunari,
810 2430 895 2499 quae
920 2407 1050 2475 Postera
1079 2405 1224 2489 dicitur,
1256 2406 1317 2473 sub
1338 2406 1482 2475 Piscium

376 2530 490 2622 sign03
516 2526 717 2596 Sumitridae
743 2527 890 2622 deniqne
912 2530 980 2596 uati
1007 2547 1084 2596 suut
1107 2529 1168 2596 sub
1194 2551 1284 2598 non
1307 2527 1408 2597 domo
1428 2526 1480 2596 lu-

377 2655 465 2737 nari,
489 2652 689 2747 Serpentum
708 2655 862 2746 propria,
879 2652 959 2719 dum
974 2651 1032 2720 Sol
1047 2655 1083 2719 in
1101 2652 1231 2719 Cancro
1248 2652 1417 2719 oriebatur
1438 2646 1480 2735 ²).

333 2799 364 2862 9·
377 2777 435 2847 Sic
464 2779 531 2845 nati
567 2796 644 2844 sunt
675 2776 862 2870 singulatim
892 2780 964 2872 regi
998 2797 1139 2872 quatuor
1172 2774 1232 2843 filii
1265 2777 1480 2870 magnanimi,

375 2901 549 2970 virtutihus
571 2898 714 2994 praediti
736 2902 868 2994 ipsique
888 2897 1027 2983 similes,
1052 2902 1161 2970 nitore
1179 2919 1355 2996 quatemus
1372 2901 1480 2969 stellas

319 3052 361 3094 ro.
376 3022 495 3093 sideris
515 3020 772 3115 Prdslrtdapadi
795 3022 1004 3092 aemulantes.
1045 3027 1208 3094 Cocinere
1225 3024 1341 3093 dulces
1363 3023 1480 3095 modos

376 3146 532 3217 coelitum
550 3147 736 3229 Fidiciues,
763 3147 986 3243 tripudiavere
1002 3147 1232 3241 Nympharum
1257 3148 1367 3230 elteri,
1392 3150 1480 3217 inso-

374 3296 480 3340 nuere
505 3288 660 3366 tympana
686 3268 856 3351 coelestia,
882 3287 916 3336 et
938 3268 1057 3336 florum
1077 3269 1184 3335 imber
1207 3291 1247 3336 ex
1264 3268 1398 3336 aethere
1421 3268 1480 3337 de-

317 3416 362 3460 tt.
377 3391 467 3462 cidit.
516 3395 560 3461 At
585 3395 618 3458 in
644 3393 725 3458 urbe
752 3388 916 3486 Ayddhya
950 3391 1066 3483 ingens
1098 3388 1216 3458 sestum
1250 3388 1479 3459 celebrabatur

375 3542 501 3585 summa
517 3513 634 3610 populi
654 3515 847 3608 frequentia.
879 3512 1026 3593 Plateae,
1049 3513 1195 3605 quamvis
1212 3512 1359 3607 amplae,
1384 3515 1479 3582 turba

375 3640 547 3708 bominum
572 3664 610 3704 ac
635 3635 824 3703 saltatorum
849 3637 1093 3729 mimorumque
1118 3636 1272 3729 gregibus
1306 3637 1477 3729 oppletae,

586 3827 650 3836 ...u-

497 3914 539 3973 cti
562 3923 592 3971 ct
608 3909 677 3971 cod.
688 3910 725 3971 T.
739 3910 802 3968 sinc
818 3908 879 3967 ulla
893 3908 1031 3971 lectionis
1048 3911 1374 3990 varietatemhibcn13
1398 3916 1477 3976 licu-

497 4012 574 4093 gali,
595 4009 698 4070 nescio
720 4029 781 4090 qua
803 4006 841 4068 dc
859 4028 979 4086 caussa,
1002 4031 1071 4071 curn
1094 4012 1275 4073 omiserunt.

415 4146 451 4221 2)
475 4145 598 4221 Pushya
620 4142 728 4203 inensis
749 4160 876 4223 qnoque
892 4137 1017 4204 alieuius
1031 4164 1143 4204 nomen
1162 4150 1224 4219 cst;
1247 4140 1301 4203 sed
1318 4140 1368 4203 hic
1385 4141 1477 4204 intel-

496 4240 617 4322 ligenda
644 4249 752 4300 octava
781 4237 891 4298 domus
919 4240 1043 4307 lunaris.
1085 4241 1176 4302 Nona
1198 4241 1331 4325 proprio
1354 4244 1478 4303 rumine

498 4340 613 4401 dicitur
634 4342 759 4400 asle'slui.
782 4371 820 4383 -
854 4340 946 4403 Putet
965 4342 1053 4418 hinc,
1073 4339 1252 4418 Bharutam,
1275 4340 1393 4402 etiamsi
1409 4339 1479 4400 'eius

498 4441 613 4501 natales
640 4442 725 4521 prius
753 4465 847 4525 quam
871 4442 1071 4524 gemellorum
1097 4450 1285 4517 narrantur,
1318 4439 1479 4499 tninirnurn

499 4551 573 4601 natu
601 4541 684 4602 inter
715 4554 850 4624 ‹prtatuor
878 4546 990 4604 fratres
1019 4542 1124 4617 snissc,
1155 4540 1298 4601 undecim
1327 4539 1479 4599 trionibus

498 4640 592 4701 Rima
615 4641 766 4703 iuniorem
785 4672 791 4714 ;
826 4641 1009 4704 Sumitridas
1032 4650 1143 4701 cotnra
1166 4640 1261 4702 terlio
1282 4659 1386 4699 rrrensc
1407 4644 1478 4720 post

497 4738 626 4798 cundem
653 4752 749 4801 natos.
