3609 5817
534 751 806 845 nooman
832 782 888 844 os
925 783 1186 847 visitaturus.
1356 771 1438 854 195

332 991 410 1039 voto
435 969 643 1040 severissimo
668 969 792 1039 silentii
813 996 876 1066 per
900 969 993 1040 mille
1017 997 1121 1040 annos
1147 975 1385 1058 continuandi,
1411 996 1444 1045 ct

333 1094 486 1160 exercuit
511 1092 717 1159 castimoniae
738 1091 826 1159 luctu
851 1090 1061 1160 difficillimas
1074 1144 1085 1176 ,
1109 1118 1172 1188 per
1197 1097 1313 1165 orbem
1339 1118 1444 1167 terra·

333 1240 407 1282 rum
433 1214 723 1307 incomparabiles.
780 1217 845 1283 Per
878 1219 1025 1310 integros
1055 1217 1148 1285 mille
1173 1245 1277 1289 annos
1301 1241 1483 1302 ascetum.

331 1338 432 1434 plane
462 1341 499 1405 in
534 1340 681 1434 stipitem
708 1363 929 1423 conversum,
959 1343 1019 1409 etsi
1054 1341 1165 1411 multis
1197 1344 1444 1438 impedimentis

330 1459 578 1543 lacessebatur,
610 1486 679 1529 non
705 1481 815 1529 umen
840 1465 928 1531 intus
952 1464 1001 1530 ira
1025 1465 1141 1532 subiit:
1177 1463 1238 1532 sed
1269 1467 1481 1557 obfirmatol.

330 1586 442 1652 animo
462 1583 626 1677 applicuit
648 1608 684 1649 sc
708 1582 751 1650 ad
777 1583 1008 1651 abstinentiam
1032 1610 1204 1678 nunquam
1230 1586 1443 1663 deminutam.

332 1710 420 1775 Vuto
449 1726 557 1774 autem
583 1724 661 1800 post
686 1706 778 1773 mille
803 1731 908 1775 annos
933 1706 1059 1791 soluto,
1084 1709 1266 1804 uaghuide,
1291 1715 1341 1779 sir
1362 1738 1442 1781 con·
1452 1727 1479 1787 5.

332 1834 550 1899 stantissimus
576 1834 714 1913 cibum,
749 1856 850 1925 mem
876 1851 1032 1927 caperet,
1068 1835 1132 1901 sibi
1157 1851 1354 1927 paraverat,
1388 1859 1444 1901 eo·

332 1955 480 2049 demque
514 1973 667 2049 tempore
698 1953 815 2023 lndras
849 1956 911 2023 sub
945 1958 1058 2050 specie
1083 1958 1305 2023 Brachmanae
1331 1956 1443 2022 eibum

330 2082 397 2146 iam
431 2098 564 2146 coctum
595 2079 637 2144 ab
672 2101 712 2145 eo
745 2079 850 2172 petiit.
914 2079 1021 2160 Huic,
1061 2097 1099 2146 ut
1132 2075 1332 2155 videbatur,
1372 2081 1479 2150 rirofi.

328 2203 450 2271 summi
478 2201 605 2269 ordinis
633 2221 742 2270 certus
765 2201 896 2271 consilii
922 2221 1023 2271 totam
1054 2229 1190 2272 coenam
1223 2201 1334 2288 dedit3
1367 2202 1444 2271 nul·

329 2322 432 2417 loque
460 2324 536 2391 cibo
561 2322 697 2404 relicto,
731 2348 835 2418 quum
871 2326 944 2418 ipse
978 2328 1165 2419 impransos
1196 2329 1370 2394 mansisset
1394 2328 1443 2394 vir

324 2465 474 2528 sanctus,
518 2472 561 2513 ne
590 2449 693 2514 serbo
715 2446 851 2540 quidem
876 2446 1069 2514 mendicum
1096 2452 1193 2516 istum
1219 2447 1441 2543 compellavit,
1451 2477 1481 2541 7.

325 2572 385 2639 sed
412 2574 446 2637 in
474 2569 595 2637 silendi
622 2592 698 2639 voto
724 2573 883 2664 perstitit:
906 2595 1009 2664 porro
1031 2596 1167 2665 quoque
1191 2570 1357 2639 silentium
1373 2572 1441 2666 spi·

325 2696 476 2787 ritusque
503 2697 785 2788 compressionem
811 2697 961 2765 servavit.
1006 2695 1037 2761 Is
1063 2695 1142 2761 dum
1168 2697 1322 2788 spiritum
1348 2710 1477 2772 com-8.

325 2819 512 2910 primcbat‚
552 2844 591 2883 cx
623 2820 692 2884 eius
734 2820 841 2911 capite
884 2820 993 2886 sumus
1028 2820 1235 2911 erigebatur,
1273 2843 1341 2912 quo
1370 2821 1439 2886 viso

325 2944 528 3033 tergeminus
550 2938 694 3006 mundus
717 2942 932 3007 conturbatus
957 2960 989 3007 ct
1012 2944 1105 3034 quasi
1129 2942 1348 3009 inflammatus
1367 2940 1441 3011 suit.

326 3068 425 3130 Tunc
452 3068 548 3144 Divi,
582 3064 774 3156 Sapientes,
804 3066 956 3155 Angues,
988 3065 1169 3156 Serpentes
1196 3063 1477 3156 Gigantesquc,9·

327 3190 437 3254 cuncti
471 3189 588 3252 atiimis
620 3189 739 3265 fracti,
774 3211 928 3278 magnum
962 3189 1134 3252 Parentem
1168 3184 1275 3251 alfari:
1323 3185 1497 3255 Multistu.

318 3312 521 3390 ¹conatibus,
545 3310 659 3390 Alme,
685 3336 822 3401 magnus
849 3330 937 3376 vates
958 3310 1169 3376 Visvlmittas
1195 3305 1237 3372 atl
1263 3305 1438 3373 libidinem

327 3438 476 3527 iramque
515 3434 704 3514 lacessitus,
744 3436 848 3499 maius
880 3430 1022 3498 subinde
1056 3431 1290 3499 sanctimoniae
1326 3429 1437 3495 incre·

325 3575 470 3621 mentum
505 3559 604 3646 capit.
662 3555 761 3639 Quod
793 3556 820 3622 si
851 3578 920 3622 non
947 3552 1044 3620 datur
1078 3553 1110 3620 ei
1137 3570 1308 3646 optatum,
1343 3551 1494 3645 quodsi.

325 3697 435 3744 mcnte
462 3680 636 3768 concepit,
661 3702 795 3770 pessum
822 3675 916 3743 dabit
940 3677 1158 3767 tergeminum
1172 3672 1344 3754 mundum,
1366 3675 1435 3738 ani-

324 3803 445 3867 mantia
473 3802 598 3891 pariter
620 3820 720 3894 atque
745 3802 899 3870 inanima.
938 3801 1087 3866 Cunctae
1113 3796 1196 3865 coeli
1222 3795 1339 3890 plagae
1360 3813 1433 3860 suut
1448 3828 1491 3866 ta.

325 3924 542 4001 obseruatac,
576 3949 637 3991 nec
664 3925 844 4017 quicquam
869 3922 959 3989 clare
990 3920 1115 4005 elucet3
1146 3936 1294 3986 aestuant
1324 3918 1432 3984 omnia

324 4051 446 4128 maria,
472 4066 505 4114 et
528 4065 657 4113 montes
676 4043 888 4129 dilabuutur,
914 4045 1157 4135 contremitque
1173 4039 1281 4120 tellus,
1307 4049 1490 4109 etna-15.

324 4192 374 4238 tua
398 4173 456 4237 ilat
482 4170 631 4265 undique
656 4169 875 4264 procellosus.
926 4167 1062 4235 Nullum
1085 4189 1219 4247 casum,
1257 4189 1277 4231 o
1304 4165 1434 4229 Basca-

325 4322 416 4375 ω,
457 4316 626 4389 praestare
660 4318 859 4388 possumus:
891 4310 1045 4357 nuscetur
1073 4288 1212 4356 sortasse
1243 4308 1346 4379 genus
1372 4286 1433 4349 bo·

325 4423 453 4487 minum
483 4420 627 4486 atheum.
665 4417 831 4483 Attonitus
858 4417 952 4508 quasi
978 4431 1027 4480 est
1051 4410 1195 4478 mundus
1220 4407 1492 4500 tergeminum.

324 4543 435 4607 auimo
461 4539 562 4633 plane
587 4538 820 4631 perturbatus,
841 4539 1019 4629 ipsumque
1043 4531 1130 4602 Solia
1160 4531 1355 4599 exstinctum
1383 4530 1433 4594 iu-

323 4664 385 4730 bar
409 4690 492 4758 prae
521 4664 686 4757 Sapientis
711 4665 886 4731 maiestate.
937 4663 1054 4729 Donec
1080 4657 1255 4726 consilium
1280 4653 1478 4733 nondum13

324 4789 415 4875 cepit
438 4812 576 4881 magnus
600 4807 685 4856 satcs
712 4790 745 4853 iu
767 4785 951 4881 perniciem
975 4802 1129 4860 nostram,
1151 4782 1252 4861 Dite,
1277 4779 1429 4872 protinus
