3609 5817
382 752 434 833 '18
701 743 791 832 Lus.
824 743 856 831 l.
894 739 994 835 Cir.
1026 745 1149 835 XXI.

317 976 365 1017 ²¹·
380 980 451 1030 ctus
475 959 679 1027 multimodis
704 961 784 1028 mihi
810 987 844 1028 cs
871 960 1086 1031 venerandus.
1123 963 1162 1031 Id
1187 965 1486 1035 sactum'sanomi-

378 1083 483 1153 nhile
508 1085 579 1152 fuit.
616 1086 671 1150 Tu
695 1086 775 1151 mihi
799 1083 1013 1152 saluberrima
1041 1111 1075 1155 es
1101 1087 1267 1170 lustratio,
1293 1105 1327 1157 et
1349 1090 1386 1155 iu
1410 1087 1487 1158 seii·

380 1212 484 1278 citatis
502 1206 616 1275 sedem
643 1232 703 1301 ego
728 1234 801 1275 sum
822 1209 996 1277 translatus
1017 1229 1073 1277 tuo
1092 1208 1271 1304 adspectu,
1294 1210 1485 1280 odom‘nc!

317 1334 463 1400 22.Fare
485 1359 562 1428 age,
587 1333 757 1426 quodnam
782 1335 925 1402 officium
951 1336 1010 1403 tibi
1035 1337 1077 1403 sit
1101 1335 1361 1429 praestandum,
1393 1339 1486 1407 cuius

380 1479 493 1523 caussa
517 1481 570 1524 me
597 1459 800 1525 conveneris.
850 1457 1018 1551 Equidem
1044 1479 1099 1529 tuo
1122 1458 1234 1528 favore
1258 1459 1374 1528 beatus
1386 1511 1398 1543 ,
1421 1461 1486 1529 tuis

318 1578 565 1649 accommodis
603 1578 763 1675 augendis
803 1578 930 1649 studeo.
987 1583 1104 1678 Neque
1139 1583 1317 1652 sollicitum
1348 1601 1383 1652 te
1414 1606 1485 1650 esse

380 1724 513 1797 oportet
537 1704 579 1773 de
607 1707 739 1799 negotio
767 1704 1002 1799 expediendo,
1030 1711 1079 1775 vir
1104 1727 1232 1775 sancte:
1266 1729 1328 1800 ego
1353 1705 1390 1772 id
1416 1729 1487 1773 om·

380 1830 458 1894 nino
486 1828 680 1913 conficiam,
708 1831 835 1921 qnippe
862 1845 895 1895 tn
922 1831 1002 1896 mihi
1030 1832 1173 1898 numinis
1197 1833 1301 1898 instar
1325 1853 1370 1896 cs.

317 1949 366 2030 24·
477 1951 647 2020 intellecta
674 1953 734 2019 hac
760 1951 975 2020 blandissima
1002 1958 1167 2034 oratione,
1192 1954 1306 2021 auditu
1332 1951 1486 2036 iucunda,

380 2101 398 2142 a
422 2099 500 2168 rege
517 2073 675 2168 prudenti
692 2077 830 2144 comiter
847 2075 993 2168 prolata,
1020 2096 1128 2144 vatum
1149 2078 1327 2171 prinecps,
1345 2093 1486 2169 propter

379 2199 533 2266 uirtutem
558 2195 743 2265 celebratus
765 2218 798 2267 et
822 2200 954 2291 penitus
973 2202 1007 2265 in
1030 2202 1147 2268 virtute
1171 2216 1336 2282 versatus,
1359 2217 1486 2267 summu

379 2319 499 2413 gaudio
522 2319 655 2389 aiseetus
680 2339 737 2414 cst.

797 2959 946 3027 CAPUT
988 2958 1077 3025 xxi.

701 3151 993 3242 vanuum
1019 3173 1169 3239 ssuuo

1444 3289 1486 3352 ¹.

349 3467 371 3505 ι.
485 3431 607 3500 Audito
640 3435 726 3526 regis
760 3431 1031 3525 praestantissimi
1063 3452 1239 3511 sermone,
1271 3428 1412 3496 miriiicc
1442 3428 1530 3538 ‹ii-⁴,

386 3577 490 3639 serto,
526 3576 679 3651 atrgitstus
704 3557 917 3622 Vissimitras
942 3552 1019 3646 pilis
1044 3575 1124 3645 prae
1150 3549 1270 3644 gaudio
1296 3554 1416 3621 crectis
1441 3577 1495 3621 re·

346 3708 372 3749 2.
386 3679 538 3773 spondit:
574 3680 806 3746 Pronuntiatus
832 3695 882 3743 cst
907 3704 925 3742 u
948 3695 997 3757 te,
1028 3700 1085 3740 rex
1111 3677 1356 3767 potentissime,
1384 3699 1495 3745 sermo

387 3803 567 3885 eiusmodi,
593 3802 700 3898 qualis
717 3820 748 3869 te
767 3800 881 3882 dccet,
907 3818 1022 3895 utpote
1041 3824 1059 3864 e
1077 3821 1194 3889 magna
1211 3801 1365 3891 prosapia
1381 3801 1497 3868 oriun-

344 3936 373 3995 3.
388 3925 465 3993 dum
493 3947 526 3994 et
546 3925 739 3994 Vasishthae
769 3922 916 3992 consiliis
943 3941 1097 3990 utentem.
1142 3920 1242 4004 Quod
1266 3940 1374 3989 autem
1399 3941 1497 4017 optt-

388 4069 457 4118 tum
481 4076 500 4114 a
524 4074 578 4117 me
609 4051 789 4142 expetitum
814 4064 851 4115 tu
880 4048 964 4114 mihi
997 4044 1211 4124 concessisti,
1244 4015 1342 4111 'cuius
1367 4047 1496 4138 negotii

345 4176 374 4255 4.
387 4189 543 4266 respectu
575 4172 641 4239 huc
667 4174 766 4254 veni,
796 4169 834 4238 id
857 4194 948 4236 nunc
980 4168 1138 4238 audiatur.
1188 4169 1285 4263 Ego,
1314 4168 1364 4235 tir
1385 4166 1497 4250 sortis,

387 4316 463 4364 voto
490 4293 635 4388 quodam
660 4295 821 4390 religione
842 4313 951 4362 motus
972 4318 1026 4359 me
1052 4292 1216 4386 obligavi,
1245 4288 1337 4385 quod
1358 4313 1403 4357 nc
1429 4288 1498 4358 sol·

387 4443 464 4485 vere
490 4418 615 4512 possim
639 4419 720 4485 mihi
746 4420 877 4485 obstant
902 4414 970 4483 duo
995 4419 1159 4510 gigantes,
1185 4412 1394 4482 transformia
1421 4435 1497 4479 cor·

347 4550 375 4612 5.
388 4565 469 4634 pora
494 4544 663 4612 habentes.
713 4542 908 4621 Enimvero,
930 4564 1024 4607 sacro
1051 4541 1158 4608 votivo
1183 4561 1282 4631 saepe
1306 4536 1372 4601 iam
1397 4532 1499 4604 ador-

388 4685 489 4744 nato,
530 4670 564 4733 in
599 4670 673 4760 ipso
705 4664 821 4732 litandi
853 4685 1023 4732 momento
1058 4666 1205 4758 gigantes
1239 4661 1291 4729 isti
1325 4657 1497 4726 deterrimi

345 4791 375 4853 6.
390 4789 497 4854 carnis
530 4786 652 4855 crudae
683 4808 781 4882 atquc
814 4788 942 4855 entonis
975 4789 1080 4854 imbre
1114 4785 1214 4854 altore
1243 4784 1398 4853 obrucre.
1451 4784 1497 4850 ita
