3609 5817
408 700 489 783 tot
701 690 790 777 Lus.
821 685 855 776 l.
893 682 994 776 Car.
1023 681 1222 774 XXXII.

403 932 553 1003 tempore
578 908 825 1002 praeterdapso,
857 931 962 1001 quum
986 923 1097 973 sextus
1124 902 1195 969 dies
1220 899 1423 980 advenisset,
1448 896 1513 966 lt·-

401 1060 470 1104 ιω
485 1032 529 1099 ad
542 1031 758 1101 Sumitridem
774 1056 969 1113 conversus,
990 1029 1081 1123 vigil
1097 1046 1165 1096 esto
1174 1079 1184 1109 ,
1206 1026 1326 1120 inquit,
1348 1023 1515 1097 animum-

358 1159 470 1250 &que
500 1155 659 1225 intende!
698 1158 814 1251 Usque
847 1155 891 1223 ad
922 1157 1012 1224 bunc
1044 1154 1134 1222 diem
1172 1148 1334 1221 horrendi
1355 1147 1513 1242 Gigantes

322 1360 329 1368 ι
402 1279 554 1348 nondum
579 1279 801 1362 advenerunt3
830 1279 932 1348 hodie
957 1303 1036 1348 vero
1061 1277 1159 1345 nobis
1183 1274 1346 1342 ambobus
1371 1271 1514 1339 horren·

244 1403 253 1421 '
357 1423 388 1486 9·
401 1401 483 1472 dum
509 1421 677 1472 certamen
709 1428 786 1470 cum
811 1402 1008 1498 Gigantibus
1037 1402 1146 1467 instat.
1195 1400 1285 1465 Dum
1307 1396 1424 1463 Rimas
1449 1420 1514 1489 pu·

400 1526 525 1622 gnandi
558 1524 718 1618 cupidine
743 1528 897 1595 incitatus
923 1528 968 1594 itu
998 1524 1222 1617 loquebatur,
1256 1522 1365 1588 subito
1392 1519 1515 1587 emait

400 1648 540 1718 flammis
567 1651 712 1718 coruscis
736 1674 812 1717 area
838 1649 1045 1729 sacrificalis,
1071 1649 1112 1715 ab
1134 1648 1218 1743 ignis
1237 1645 1389 1713 ministro
1406 1660 1514 1711 etan·

341 1786 387 1830 ¹0·
400 1770 501 1838 tistitc
532 1771 771 1853 circumsessa,
804 1772 983 1853 verbenis,
1022 1769 1147 1864 cyathis
1172 1768 1383 1861 paterisque,
1414 1762 1514 1862 lignis

399 1890 501 1960 aridia
532 1890 721 1988 florumque
753 1891 893 1961 cumulis
919 1895 1098 1983 instructa,
1131 1908 1163 1960 et
1183 1889 1376 1957 inchoatum
1401 1905 1452 1957 cst
1472 1912 1512 1956 ex

400 2013 519 2083 ordine
545 2012 744 2081 sacrificium
762 2011 867 2095 istud,
894 2013 1096 2081 carminibus
1112 2011 1306 2081 solennibus
1324 2034 1514 2079 accommo-

341 2156 386 2198 ιι.
401 2136 524 2204 datum.
555 2138 654 2202 Tunc
676 2137 792 2229 ingens
817 2134 929 2228 fragor
952 2137 1129 2206 horrificus
1151 2162 1215 2231 per
1239 2136 1372 2204 aethera
1391 2135 1513 2229 erupit,

401 2261 509 2355 qualis
532 2261 639 2328 nubes
661 2258 755 2329 coelo
776 2257 951 2353 caliginem
967 2259 1139 2330 obducens
1156 2260 1269 2354 pluvia
1289 2257 1367 2326 anni
1383 2276 1515 2354 tempe-

341 2400 387 2442 12-
401 2403 481 2453 state
502 2387 658 2452 cernitur.
689 2383 847 2451 Huncin
871 2383 1010 2452 modum
1035 2385 1221 2479 praestigiis
1248 2383 1331 2451 visui
1356 2382 1513 2471 obiectis,

364 2517 370 2533 “
399 2508 561 2600 impetum
575 2506 727 2574 fecerunt
740 2503 807 2575 duo
817 2508 975 2601 gigantes,
988 2507 1158 2573 Mdrlchus
1183 2507 1411 2600 Suvdhusque‚
1422 2524 1515 2575 uter·

342 2635 386 2695 13.
401 2656 467 2724 que
496 2654 571 2695 cum
593 2647 793 2696 sectatorum
817 2653 954 2697 suorum
979 2631 1084 2697 turba.
1124 2632 1266 2723 Propius
1289 2628 1418 2699 advecti
1442 2631 1513 2699 vitu

400 2747 561 2817 horrendi
585 2751 638 2816 isti
659 2752 785 2817 cruoris
806 2750 931 2819 imbres
951 2752 1145 2819 emiserunt:
1167 2771 1245 2823 tunc
1265 2753 1382 2822 Rimas
1403 2755 1515 2823 subito

343 2872 388 2952 ι4.
401 2877 565 2941 irruentes
590 2874 626 2939 in
653 2872 747 2941 coelo
774 2877 957 2969 conspexit.
1001 2878 1093 2961 Quos
1119 2901 1223 2971 quum
1247 2876 1376 2948 videret
1399 2879 1515 2948 incur-
1599 2867 1602 2874 ¹

401 3015 510 3064 santes
535 3014 568 3063 et
593 2997 735 3065 imbrem
766 3000 933 3095 sanguinis
962 2998 1193 3081 ellimdcntes,
1222 3000 1375 3083 iuvenis,
1407 3001 1522 3089 oculis,

343 3128 388 3191 15.
401 3118 461 3188 loti
493 3118 656 3186 similibus
688 3115 850 3204 decorus,
882 3122 976 3191 hisce
1007 3122 1144 3192 fratrem
1175 3120 1312 3190 affatur:
1345 3118 1515 3216 Adspice,

400 3242 582 3324 Laxmane,
607 3242 751 3311 nefarios
777 3244 856 3312 istos
870 3241 1027 3338 Gigantes
1047 3245 1253 3327 cai-nitores,
1275 3246 1429 3315 Humano
1445 3244 1514 3315 telo

400 3390 478 3436 mox
502 3364 748 3449 discutiendos,
783 3369 880 3436 sicuti
912 3368 1019 3435 nubes
1045 3366 1214 3463 procellae
1239 3370 1367 3463 impetu
1391 3367 1515 3438 discuti

342 3494 389 3558 16.
401 3487 518 3559 solent.
556 3489 605 3557 Ita
624 3486 754 3558 locutus
765 3488 972 3581 Raghuides,
996 3487 1094 3562 simul
1112 3488 1305 3559 festinanter
1321 3490 1426 3561 telum
1441 3492 1514 3562 llu-

398 3635 535 3679 manum
566 3614 659 3679 arcui
690 3631 838 3706 aptatum
868 3613 1057 3681 vehementi
1082 3615 1131 3679 ira
1166 3633 1349 3683 commotus
1380 3617 1453 3687 fixit
1476 3619 1516 3687 in

343 3734 544 3819 17.erlchi
569 3754 717 3830 pectore.
767 3734 799 3803 Is
821 3760 999 3829 percussus
1026 3736 1091 3806 telo
1120 3738 1183 3804 isto
1213 3740 1513 3830 praestantissimo,

400 3856 487 3925 ultra
507 3878 642 3927 centum
661 3885 860 3954 parasangas
881 3863 1051 3931 coniectus
1067 3863 1129 3932 suit
1146 3864 1181 3930 in
1197 3882 1381 3930 aestuantes
1396 3865 1514 3930 oceani

342 3975 387 4043 ¹8·
401 3979 530 4052 fluetus.
582 3986 694 4069 Quum
720 3985 836 4053 Rimas
859 3987 1050 4055 Mdrlchum
1075 3986 1174 4082 longe
1198 3989 1360 4056 reiectum
1385 3981 1515 4057 videret

399 4108 590 4188 attonitum,
623 4126 657 4175 et
680 4107 793 4203 frigidi
820 4110 989 4178 mucronis
1014 4111 1045 4177 vi
1071 4112 1295 4179 excruciatum
1320 4132 1393 4177 sese
1418 4106 1515 4176 volu·

342 4240 386 4304 ¹9
400 4246 541 4312 tantem,
566 4226 610 4296 ad
634 4228 771 4299 fratrem
796 4256 995 4301 conversus:
1029 4234 1137 4315 Ecce,
1169 4228 1352 4302 Larmane!
1385 4232 1514 4324 inquit,

399 4352 539 4448 frigidus
563 4378 703 4436 mucro,
734 4354 838 4423 telum
861 4356 968 4425 hocce
992 4358 1200 4442 Humanum,
1232 4355 1435 4427 carminibus
1460 4356 1515 4422 in.

398 4492 584 4555 cantatum,
608 4472 704 4542 illum
729 4474 996 4568 obstupefactum
1018 4477 1142 4559 aufert,
1166 4501 1230 4545 nec
1256 4495 1367 4546 tamen
1392 4476 1513 4569 spiritu

338 4594 488 4666 comitali
511 4599 627 4688 privat
677 4598 818 4669 Ceteros
842 4601 923 4669 istos
949 4599 1106 4695 Gigantes
1139 4626 1274 4696 quoque
1307 4600 1512 4694 profligabo,

397 4717 556 4798 immites,
588 4718 781 4802 sceleratos,
815 4720 862 4789 nil
889 4725 953 4790 nisi
975 4723 1067 4792 nolas
1092 4723 1306 4806 meditantes,
1339 4747 1512 4795 sacrorum
