3609 5817
421 744 501 822 196
760 731 846 821 Lm
886 731 919 820 Ι.
952 727 1054 821 Car.
1086 727 1227 822 LXV.

420 944 601 1043 placandus
628 966 677 1014 est
704 947 911 1014 venerandus
943 946 1025 1028 ille,
1061 944 1263 1040 igniformis,
1298 938 1530 1038 splendidissi-

365 1074 410 1135 ati.
420 1097 504 1140 mus.
576 1069 681 1137 Sicuti
711 1069 791 1137 olim
827 1072 1028 1164 tergeminus
1061 1068 1206 1135 mundus
1238 1066 1296 1133 sati
1335 1067 1412 1159 igue
1442 1081 1531 1132 totus

420 1195 648 1274 comburitur,
685 1194 732 1258 sie
758 1192 815 1259 ille
838 1193 1017 1285 imperium
1038 1194 1074 1258 in
1100 1190 1181 1258 deos
1206 1188 1291 1257 sorte
1316 1187 1531 1254 affectaverit:

364 1318 519 1400 rpdetur
546 1320 594 1399 ei,
621 1315 784 1410 quicquid
810 1333 920 1381 mente
947 1316 1112 1408 concepit.
1155 1310 1289 1380 Deinde
1315 1305 1535 1377 cunctaeSu·

421 1441 541 1532 peuhn
567 1458 733 1519 catervae,
769 1440 929 1533 Magnum
954 1442 1130 1505 Parentem
1160 1435 1283 1502 ducem
1308 1434 1432 1514 secuti,
1462 1455 1534 1498 ma·

366 1566 611 1655 ¹8.gnani1num
642 1563 873 1629 Visuimitram
912 1562 1045 1628 blandis
1081 1559 1193 1626 verbis
1228 1556 1342 1624 affari:
1392 1554 1535 1649 Sapiens

421 1688 645 1766 Brachmaua,
670 1684 796 1752 salvere
824 1706 855 1753 te
881 1682 1049 1752 iubemus!
1099 1682 1272 1775 Propitiati
1299 1705 1411 1748 sumus
1436 1680 1536 1748 casti·

422 1814 541 1877 moniis
566 1812 639 1876 tuis.
705 1811 930 1877 Brachmanae
965 1807 1191 1876 conditionem
1217 1785 1332 1872 nactus
1354 1828 1406 1885 es,
1436 1803 1535 1871 Cusi-

368 1933 516 2015 meida,
551 1934 711 1999 acerrima
745 1934 954 2003 abstinentia.
1012 1932 1216 1997 Diuturnum
1238 1952 1354 1994 aevum
1379 1948 1537 2020 quoque,

426 2056 658 2134 Brachmana,
699 2056 760 2121 tihi
787 2054 911 2148 largior
944 2077 1032 2146 ego,
1073 2075 1149 2118 eum
1178 2050 1365 2118 Ventorum
1399 2049 1537 2116 cohorte

426 2182 643 2246 consociatus.
711 2178 816 2260 Vale,
850 2197 883 2244 et
913 2175 1007 2270 quod
1036 2175 1115 2242 felix
1147 2174 1356 2265 faustumque
1390 2171 1451 2238 tibi
1479 2171 1538 2250 sit,

367 2304 547 2374 amamice,
570 2305 624 2368 abi
652 2326 719 2395 quo
747 2302 808 2368 tibi
833 2300 955 2395 placet.
1005 2297 1130 2365 Audito
1158 2297 1269 2388 magni
1291 2295 1443 2361 Parentis
1467 2317 1538 2360 ser-

426 2449 524 2492 mone
557 2428 708 2518 egregius
735 2445 846 2508 rates,
877 2449 994 2493 omnes
1027 2421 1213 2490 Coelicolas
1238 2417 1401 2501 adorans,
1434 2416 1539 2486 laetus

368 2546 502 2617 actalia
537 2547 705 2638 protatur:
750 2546 785 2612 si
821 2547 1045 2612 Brachmanae
1083 2542 1309 2611 conditionem
1344 2543 1540 2636 impetravi,

428 2670 620 2758 pariterque
643 2693 759 2734 aemam
786 2666 998 2748 distantum,
1033 2686 1112 2733 tuuc
1137 2692 1262 2735 nomen
1287 2667 1408 2733 summi
1430 2663 1542 2730 nutui·

429 2791 479 2852 tris
506 2788 688 2869 iuess'abilc,
725 2809 758 2856 et
789 2789 946 2856 solemnis
978 2792 1147 2881 precatiO,
1179 2791 1312 2883 ipsique
1341 2787 1423 2856 libri
1456 2787 1542 2855 steri

373 2934 484 2976 name
510 2929 699 3002 agnoscant.
748 2910 959 2992 Vasishthas,
993 2913 1209 2978 Bascusrtuts
1236 2911 1341 2992 filius,
1372 2929 1444 2979 tum
1467 2908 1543 2979 bel·

432 3033 515 3098 heae
540 3035 638 3113 artis,
662 3050 732 3098 tum
756 3034 843 3098 inter
868 3058 982 3100 rerum
1007 3032 1194 3101 divinarum
1219 3036 1345 3128 peritos
1371 3050 1544 3128 praestan·

377 3159 425 3218 23.
435 3159 594 3238 tissimus,
617 3180 637 3223 o
662 3157 757 3235 Divi,
784 3156 827 3222 ita
852 3181 906 3222 nte
932 3156 1129 3249 alloquatur.
1190 3157 1323 3224 Deinde
1349 3155 1543 3223 conciliatus

435 3307 453 3345 a
479 3278 617 3372 Superis
643 3279 774 3370 sapiens
798 3278 1004 3345 Brachmaua
1029 3281 1241 3359 Vasishthas,
1273 3281 1309 3345 in
1340 3281 1439 3348 tacite
1465 3303 1545 3373 pre·

438 3403 565 3468 catione
587 3399 756 3481 assiduus,
779 3404 955 3470 amicitiam
970 3428 1045 3470 cum
1070 3428 1108 3471 co
1132 3406 1238 3471 iunxit
1253 3422 1295 3485 ct,
1314 3404 1433 3471 Batum
1459 3401 1545 3471 esto!

379 3521 564 3616 2i·inquit3
590 3528 661 3592 siue
688 3523 791 3592 dubio
823 3530 932 3593 omnia
957 3530 1115 3620 sapientis
1140 3528 1364 3594 Brachmanae
1389 3529 1462 3594 iura
1484 3527 1544 3595 tibi

439 3668 642 3741 ctrrrrpetunt.
703 3651 794 3729 Quae
826 3650 923 3716 simul
956 3669 1054 3743 atque
1085 3653 1112 3718 is
1146 3651 1289 3732 dixerat,
1323 3652 1400 3718 Divi
1432 3673 1546 3718 omnes

381 3777 550 3838 amabit-re
574 3774 669 3838 sicuti
696 3791 865 3839 venerant.
915 3774 992 3839 Pius
1017 3776 1229 3841 Visuhnitras
1254 3799 1351 3854 uero,
1387 3797 1547 3842 summam

440 3896 663 3960 Brachmanae
683 3892 875 3985 dignitatem
899 3915 1033 3974 nactus,
1059 3895 1243 3963 honorifice
1267 3898 1399 3990 excepit
1417 3897 1548 3990 sapien·

383 4016 508 4080 ahtem
525 4013 752 4093 Vasishtham,
778 4014 894 4079 tacitae
916 4016 1117 4106 precationis
1139 4019 1386 4107 peritissimum.
1434 4019 1549 4112 Optati

444 4139 492 4202 sui
519 4159 656 4226 compos
683 4133 805 4200 deiude
827 4136 944 4202 orbem
965 4139 1153 4203 rarrircrsum
1175 4143 1379 4233 peragrarit,
1418 4166 1551 4235 semper

445 4263 478 4322 in
502 4258 697 4325 abstinentia
723 4283 933 4349 permanens.
984 4258 1060 4327 Tali
1086 4260 1187 4329 modo
1213 4290 1232 4329 a
1257 4264 1466 4357 magnanimo
1490 4262 1550 4332 iilo

387 4381 667 4451 aassrachmanae
693 4381 839 4449 conditio
864 4384 1039 4475 impetrata
1065 4403 1123 4454 est.
1172 4387 1238 4453 Hic
1262 4386 1369 4468 idem,
1396 4411 1417 4456 o
1440 4388 1552 4472 Raima,

449 4521 497 4566 est
521 4528 666 4570 summus
692 4524 796 4584 vates,
819 4505 874 4571 hic
897 4528 1059 4598 corporea
1074 4510 1309 4577 sanctimoniae
1334 4513 1475 4604 species,
1496 4513 1552 4580 bic

450 4649 581 4716 semper
605 4627 820 4720 religionibus
844 4630 1012 4710 intentus,
1043 4633 1219 4727 ipsumque
1244 4634 1371 4702 virtutis
1396 4635 1552 4702 heroicae

450 4742 605 4815 studium.
