3609 5817
437 689 463 766 8
810 673 899 762 Lm
934 668 968 760 1.
1006 664 1107 760 Csr.
1137 667 1171 757 1.

373 931 423 974 22.
437 893 525 963 illins
551 914 635 963 uxor
662 890 820 973 Caeeels,
856 896 910 960 eui
939 915 1000 957 rex
1025 887 1105 957 olim
1130 885 1232 953 fidem
1257 885 1478 955 obstrinxerat
1504 885 1546 953 de

436 1016 608 1085 beneficiis
644 1014 897 1098 concedendis,
931 1016 1015 1083 haee
1039 1012 1108 1081 duo
1141 1037 1279 1080 munera
1302 1013 1344 1079 ab
1370 1036 1410 1081 eo
1435 1013 1547 1106 petiit:

373 1157 423 1221 23,
438 1143 573 1211 exilium
594 1143 713 1210 Bimae
740 1161 772 1209 et
792 1142 952 1209 Bharatae
979 1140 1271 1208 consecrationem
1321 1136 1391 1203 Rex
1406 1138 1547 1203 Dosara-

436 1268 508 1335 thas
533 1267 633 1359 igitur
657 1265 754 1332 officii
779 1262 912 1331 vinculo
942 1263 1130 1344 eoiroitus,
1167 1280 1203 1329 ut
1227 1261 1399 1354 promissis
1429 1277 1547 1339 staret,

373 1400 423 1482 ²l·
438 1415 551 1460 carum
577 1388 682 1455 filiurn
702 1389 838 1455 Rdmam
863 1390 898 1451 in
921 1385 1057 1453 exilium
1085 1387 1160 1478 egit.
1210 1385 1303 1451 Abiit
1327 1408 1405 1479 ergo
1432 1385 1467 1449 in
1494 1382 1551 1450 sil-

437 1538 511 1582 vam
535 1515 653 1594 heros,
679 1510 782 1577 fidem
809 1510 1037 1593 exsoluturus,
1070 1527 1106 1576 ut
1131 1511 1233 1602 patris
1259 1510 1346 1575 iussa
1371 1508 1552 1601 perficeret

275 1715 277 1720 ,
374 1644 422 1711 25.
438 1658 471 1707 et
493 1635 652 1705 Caecel‘di
677 1635 924 1729 gratificaretur.
975 1636 1175 1730 Migrantem
1197 1636 1286 1701 hunc
1309 1636 1480 1701 comitatus
1503 1651 1551 1700 est

439 1788 533 1831 carus
550 1762 869 1843 sraterLaxmanus,
894 1761 1016 1827 amoris
1036 1759 1200 1853 impulsu,
1226 1758 1387 1828 modestia
1402 1757 1551 1850 insignis,

374 1892 423 1961 so.
437 1887 584 1953 animum
598 1908 675 1952 vere
692 1885 875 1953 fraternum
892 1884 1004 1978 palam
1020 1884 1153 1951 latiens.
1188 1883 1318 1951 Dilecta
1332 1885 1452 1950 Rdmae
1470 1907 1550 1949 con·

436 2010 509 2088 iux,
536 2032 669 2099 semper
694 2009 809 2074 intima
830 2009 914 2073 vitae
937 2007 1049 2087 socia,
1078 2032 1095 2073 e
1121 2007 1224 2099 stirpe
1239 2007 1353 2073 lanaei
1378 2024 1550 2098 prognata,

438 2130 544 2198 sorma
570 2132 664 2223 quasi
693 2129 841 2195 divinum
866 2127 1005 2222 aliquod
1030 2130 1265 2212 miraculum,
1286 2130 1440 2197 omnibus
1465 2130 1551 2195 notis

373 2274 423 2336 27·
438 2255 550 2323 faustis
578 2256 749 2348 insignita,
774 2251 974 2319 seminarum
993 2256 1136 2345 optima,
1163 2254 1231 2320 Sita
1248 2277 1383 2347 qnoque
1400 2254 1553 2319 comitata

397 2444 401 2452 ,
438 2395 488 2444 est
509 2376 662 2457 lisimam,
685 2376 782 2443 sicuti
810 2376 944 2441 Lunum
969 2399 1052 2442 uxor
1072 2377 1209 2443 Rohinis
1231 2374 1276 2460 9).
1327 2379 1438 2460 Quum
1464 2378 1551 2443 cives
1619 2454 1622 2462 y

374 2511 422 2574 28.
438 2516 471 2567 et
494 2517 590 2591 pater
617 2497 813 2566 Dasarathas
840 2523 902 2590 per
930 2497 1134 2591 aliquantum
1160 2503 1300 2592 spatium
1334 2525 1410 2566 enm
1432 2524 1550 2592 prose·

438 2624 506 2689 enti
530 2640 663 2703 essent,
687 2623 722 2687 in
750 2622 834 2687 urbe
854 2620 1053 2715 Sringavdro
1074 2620 1117 2687 ad
1136 2621 1260 2716 Gangis
1278 2626 1386 2716 ripam
1406 2627 1553 2717 aurigam

375 2743 583 2828 ²9·dimisit;
623 2768 697 2809 omn
719 2741 838 2825 Guho,
871 2741 1096 2810 Nishddornm
1121 2749 1300 2840 principe,
1336 2771 1552 2840 congressus,

435 2868 511 2958 pius
534 2864 591 2932 ille
608 2864 732 2933 deinde
749 2864 900 2959 Gangem
925 2883 1148 2952 transvectus,
1174 2872 1347 2963 regionem
1368 2869 1553 2937 silvestrem

375 2988 576 3059 30,intravit.
628 2987 671 3051 Hi
695 3012 759 3079 per
783 2987 880 3056 silvas
915 2991 1086 3057 continuas
1110 2994 1301 3087 progressi,
1333 2993 1440 3064 fluviis
1466 3020 1553 3088 aqua

436 3108 682 3177 abundantibus
705 3090 869 3194 traiectis,
907 3114 1093 3182 seeundum
1114 3117 1308 3204 Bharadvdji
1332 3137 1553 3210 praeceptum

373 3244 423 3307 δι.
437 3228 480 3297 ad
496 3249 645 3300 montem
656 3232 887 3301 Chitrsedtum
904 3256 1136 3305 accesserunt:
1162 3239 1220 3304 ubi
1233 3240 1368 3323 Rimas,
1394 3242 1552 3308 Larmani

435 3377 501 3446 ope
528 3379 602 3422 casa
628 3379 766 3422 amoena
792 3356 984 3442 aedificata,
1013 3360 1173 3429 habitavit
1199 3388 1275 3441 eum
1296 3362 1384 3446 Sita,
1417 3385 1507 3433 veste
1532 3391 1551 3432 e

372 3475 422 3539 32·
434 3476 523 3548 libro
548 3498 699 3548 contexta
720 3499 754 3547 et
773 3480 915 3576 nebride
937 3483 1073 3550 cinctus.
1106 3484 1235 3552 Horum
1255 3488 1354 3552 trium
1373 3486 1552 3555 illustrium

435 3605 622 3693 praesentia
639 3604 852 3671 Chitraedtus
872 3605 933 3672 iste
956 3606 1172 3699 splendebat,
1198 3611 1295 3676 sicuti
1313 3635 1409 3677 mons
1424 3612 1551 3694 Mdrus,

373 3720 614 3804 53.Lnxmide,
647 3723 779 3791 Cuvdro
807 3739 840 3790 et
868 3722 944 3790 Siva
969 3727 1005 3791 in
1030 3750 1070 3794 oo
1096 3726 1330 3798 residentibus.
1379 3733 1481 3801 Raima
1506 3734 1550 3802 ad

559 4007 616 4067 tim
632 4017 664 4070 et
680 4008 838 4072 interdum
851 4011 1041 4076 subobscure
1058 4015 1198 4100 attingit,
1217 4021 1470 4105 quandoquidem
1486 4025 1550 4086 sin·

558 4104 631 4186 gula
650 4106 717 4187 ipso
740 4111 884 4172 carminis
904 4121 1018 4174 tenore
1040 4118 1224 4197 amplissimo
1249 4120 1506 4185 declarabuntur.

474 4199 510 4279 9)
533 4202 665 4281 Numen,
686 4207 772 4288 qnod
789 4210 880 4272 lunae
896 4213 1070 4293 praesidet,
1092 4216 1175 4296 apud
1194 4218 1286 4281 Indos
1306 4230 1351 4281 est
1369 4225 1548 4284 masculum.

560 4301 647 4365 Uxor
670 4305 734 4367 eius
749 4307 878 4371 nohinis
898 4322 1043 4394 quartam
1063 4315 1166 4376 sedem
1189 4318 1271 4380 inter
1296 4317 1402 4382 domos
1425 4323 1550 4385 lunares

557 4413 708 4483 occupat,
732 4407 782 4466 cni
797 4410 938 4492 quinquo
952 4413 1058 4473 stellae
1075 4413 1106 4474 in
1126 4415 1227 4477 sidere
1241 4417 1338 4479 Tauri
1351 4420 1548 4484 tribuuntur.

556 4500 775 4564 Astronomica
788 4505 879 4569 huius
898 4514 1141 4592 comparationis
1159 4518 1240 4577 ratio
1260 4518 1335 4579 mihi
1351 4541 1411 4579 non
1432 4519 1548 4603 liquet,

554 4599 709 4681 siquidem
731 4604 802 4664 lune
821 4627 852 4666 tn
870 4609 948 4669 orbe
966 4633 1022 4671 sno
1040 4626 1201 4674 menstruo
1219 4639 1281 4678 non
1298 4618 1379 4679 ultra
1399 4618 1459 4679 diei
1476 4644 1548 4702 spu-

556 4696 633 4758 tium
658 4701 742 4781 apud
762 4703 894 4785 singulas
917 4708 1026 4771 domos
1046 4723 1202 4775 moratur.
