3609 5817
415 666 469 747 ta
764 657 850 745 Lan.
882 653 916 745 1.
953 651 1052 745 Cae.
1086 653 1164 744 xt.

414 895 466 943 tus
492 878 681 944 auctoritate
706 878 830 943 iuvenis
856 875 953 943 huius
978 874 1019 941 ab
1045 875 1240 943 anachoreta
1267 875 1436 968 prognati,
1462 899 1517 944 ca·

373 1023 480 1095 oque
507 1025 572 1095 qna
602 1024 674 1082 vos,
710 1003 771 1068 viri
803 999 1005 1083 venerandi,
1040 997 1173 1094 polletis
1203 995 1368 1090 dignitate.
1418 998 1518 1067 Tunc

413 1124 635 1191 Brachmanae
664 1128 793 1207 cuncti,
830 1124 1004 1192 Vasishdra
1037 1140 1237 1218 praeeunte,
1267 1118 1377 1217 Euge!
1409 1121 1519 1189 excla-

413 1266 556 1331 mantes,
582 1250 661 1317 huic
686 1253 825 1318 orationi
850 1251 1019 1330 assentiri,
1048 1270 1229 1341 regemque
1254 1243 1342 1313 ultro
1366 1243 1518 1313 laudare:

374 1370 581 1442 momina
613 1392 649 1443 tu
680 1374 861 1468 adepturus
887 1401 922 1442 cs
953 1374 1038 1441 lilios
1066 1389 1196 1466 optatos
1229 1370 1325 1439 valde
1355 1369 1519 1454 illustres,

413 1514 529 1592 utpote
548 1500 584 1566 in
607 1501 699 1566 cuius
723 1501 832 1566 auimo
859 1517 925 1565 tam
948 1500 1043 1591 pium
1067 1497 1278 1590 propositum
1301 1493 1407 1591 prolis
1432 1520 1518 1565 mas·

377 1618 507 1690 ¹²culte
532 1621 732 1690 obtinendae
758 1626 859 1718 gratia
888 1623 1076 1691 exstiterit«
1129 1622 1204 1704 Quo
1230 1618 1440 1712 sacerdotum
1464 1644 1519 1686 re·

423 1770 536 1842 iponso
562 1744 673 1814 audito
699 1772 774 1830 rex,
799 1749 921 1816 laetitia
941 1747 1063 1828 elatus,
1089 1745 1298 1814 Sumanuam
1321 1763 1518 1837 ceterosque

436 1869 629 1940 unsiliorum
665 1869 833 1937 ministros
869 1870 959 1937 hunc
996 1872 1033 1937 in
1069 1866 1209 1936 modum
1247 1866 1517 1935 commonefecit:

379 1973 425 2040 ¹5·
438 1986 674 2087 (importantur
701 1992 768 2060 hue
801 2012 978 2087 apparatus
1015 2015 1185 2061 sacrorum
1219 1989 1402 2059 secundum
1432 1992 1519 2060 iussa

437 2118 644 2211 mgistrorum
668 2141 837 2204 meorum3
863 2141 985 2211 equus,
1010 2143 1029 2184 a
1050 2116 1208 2184 ministris
1225 2114 1355 2184 idoneis
1377 2133 1519 2198 curatus,

380 2222 427 2301 ¹4·
440 2241 575 2323 eqisonc
597 2208 776 2310 eomitante
800 2240 1056 2322 manumittitor,
1082 2258 1116 2306 et
1138 2240 1174 2305 in
1196 2237 1337 2333 Sarayds
1361 2238 1520 2308 ulteriore

438 2336 648 2459 riPtcampus
673 2389 768 2432 sacer
798 2362 988 2447 ordinator3
1022 2360 1225 2456 placationes
1255 2361 1408 2455 praeviae
1435 2383 1520 2455 quo·

379 2487 564 2572 15·q11eu'te
591 2486 776 2556 secundum
799 2506 979 2580 praecepta
1003 2505 1234 2580 procurantor.
1273 2484 1421 2553 Cuilibet
1444 2485 1520 2579 qui·

439 2601 517 2671 dem
530 2615 595 2708 ·egi
624 2612 672 2680 las
704 2631 753 2680 est
784 2611 947 2680 eiusmodi
980 2612 1179 2679 sacrificium
1202 2610 1390 2703 suscipere,
1423 2608 1521 2677 dum·-

438 2726 585 2825 m0d⁰ae
609 2737 714 2806 malus
741 2761 835 2806 error
868 2738 1119 2805 sacratissimam
1142 2733 1338 2828 religionem
1370 2756 1521 2801 corrum-

381 2859 427 2923 16.
438 2867 506 2944 pat·
555 2849 709 2931 iacrorum
743 2860 952 2955 turbatores,
989 2856 1146 2952 Gigantes
1179 2859 1237 2951 qui
1268 2856 1369 2926 rebus
1401 2856 1520 2927 divinis

438 2974 649 3055 inhiantml
674 2984 847 3050 minimum
872 2984 986 3050 vitium
1009 2984 1191 3049 rimantur:
1224 2979 1386 3072 impedito
1411 2999 1521 3049 antem

381 3110 427 3173 ¹7·
437 3095 504 3164 11⁰0
526 3120 606 3164 Sacri
622 3126 789 3201 susceptor
820 3107 889 3174 eius
915 3106 992 3175 ilico
1017 3108 1114 3202 perit.
1155 3107 1265 3190 Quare
1292 3106 1337 3172 ita
1361 3102 1521 3172 ordinm·

440 3219 501 3289 ‘111⁵
519 3239 569 3289 081
589 3246 759 3326 clamatus,
785 3250 821 3301 ut
834 3254 965 3301 sacrum
985 3232 1090 3301 hoece
1109 3248 1260 3298 nostrum
1277 3230 1341 3296 rite
1358 3226 1402 3294 ad
1418 3226 1521 3296 linem

380 3351 426 3418 18.
439 3343 636 3439 perducatur
678 3359 748 3427 Vos
770 3375 882 3425 autem
890 3359 1036 3426 muneri
1059 3379 1158 3451 pares
1182 3355 1332 3422 novi-
1354 3351 1521 3420 Consilio-

436 3489 511 3544 rum
534 3470 676 3563 minisu,
710 3474 777 3545 fide
800 3478 876 3547 data
900 3481 949 3547 sie
972 3479 1096 3546 sactum
1120 3476 1179 3558 iri,
1216 3473 1307 3543 dicto
1331 3472 1520 3557 audientes,

436 3593 547 3661 omnia
582 3601 752 3670 secuudum
784 3601 908 3670 domini
946 3604 1033 3669 iussa
1067 3616 1218 3667 accurate
1251 3614 1328 3666 suut
1365 3598 1519 3666 exsecuti.

379 3731 425 3796 Ις)
438 3715 528 3783 Tum
544 3715 751 3804 Brachmtnae
774 3722 840 3804 isti,
865 3747 945 3816 rege
971 3720 1108 3789 salutato
1131 3738 1166 3788 et
1184 3721 1279 3787 venia
1300 3719 1446 3789 abeundi
1459 3744 1521 3817 pc-

437 3838 514 3921 tita,
538 3836 675 3908 faustum
698 3862 835 3912 eentum
858 3844 1017 3939 praefati,
1043 3867 1083 3911 eo
1110 3844 1233 3911 reversi
1258 3863 1335 3913 sunt
1353 3843 1444 3914 unde
1464 3868 1522 3915 vc·

376 3980 565 4030 acuerant
610 3965 779 4038 Hominum
808 3973 964 4065 princeps
996 3994 1097 4051 vero,
1135 3968 1178 4036 ad
1209 3994 1327 4039 uxores
1358 3968 1521 4038 accedens

438 4109 519 4179 quas
546 4086 643 4155 corde
668 4087 805 4186 sordeat,
827 4094 1020 4189 hcipitote,
1044 4095 1170 4188 inquit,
1196 4091 1404 4163 lustrationes
1422 4115 1523 4187 prae·

437 4208 523 4293 vim
554 4205 704 4299 eqtidem
734 4236 815 4286 ttcra
840 4215 985 4285 facturus
1016 4241 1089 4284 sum
1116 4216 1260 4285 filiorum
1283 4211 1524 4308 adipiscendo·

375 4347 512 4399 amum
536 4330 639 4427 gratia.
691 4334 767 4418 Quo·
786 4340 900 4408 nuntio
931 4339 1113 4433 gratissimo
1145 4335 1314 4407 intellecto
1344 4334 1524 4403 mulierum

435 4453 647 4525 formosa-un
666 4481 724 4526 ora
749 4459 799 4554 ¹⁰l
822 4466 925 4532 instar
950 4460 1069 4531 florida
1095 4461 1263 4546 effulsere,
1290 4456 1391 4528 veluti
1416 4457 1525 4528 solent

434 4571 492 4642 loti
520 4574 636 4658 flores,
653 4559 907 4676 quaudoaiemr
931 4586 1110 4682 praeteriit.
