3609 5817
427 729 507 809 ’118
692 721 772 806 iso.
805 716 836 806 l.
874 712 972 805 Cae.
1004 709 1264 808 XXXVIII.

794 1168 941 1238 CAPUT
977 1165 1163 1235 xxxvut
1241 1201 1244 1206 ·

725 1375 940 1471 Carnem
974 1400 1220 1467 ommino.

384 1699 410 1739 ι.
521 1679 607 1743 Dum
634 1676 773 1746 deorum
798 1678 957 1770 prinecps
984 1672 1161 1741 Trioculus
1195 1674 1401 1741 castimoniae
1435 1696 1532 1741 exer·

424 1799 534 1881 cubat,
569 1799 731 1882 Coclites,
766 1802 929 1867 exereitus
956 1801 1005 1867 sui
1029 1797 1148 1865 ducem
1175 1795 1421 1880 desiderantes,
1454 1796 1530 1863 Ma·

381 1949 408 1994 a.
421 1946 523 2014 gnum
542 1926 715 1991 Parentem
740 1924 913 2006 adierunt,
940 1943 973 1992 et
997 1922 1188 2018 supplicum
1212 1920 1346 2003 habitu,
1372 1944 1439 1988 uno
1458 1944 1530 2000 ore,

423 2070 498 2112 cum
520 2044 662 2114 ducibus
689 2050 776 2127 suis,
802 2046 902 2113 lndra
930 2065 1028 2140 atque
1052 2045 1156 2141 igne,
1182 2047 1303 2114 almum
1329 2070 1441 2112 rerum
1467 2046 1531 2112 Pa·

381 2183 407 2243 3,
422 2189 549 2237 rentem
576 2170 688 2237 faustis
710 2168 802 2236 hisce
828 2169 938 2236 verbis
963 2167 1048 2234 allati
1074 2187 1173 2237 sunt:
1212 2170 1276 2253 Qui
1303 2168 1407 2236 nostri
1434 2191 1540 2234 exere

422 2294 504 2361 citus
531 2294 597 2361 dux
625 2293 705 2363 olim
730 2322 748 2361 a
771 2313 821 2377 te,
855 2293 1066 2374 venerande,
1107 2293 1203 2361 nobis
1229 2289 1324 2359 datus
1349 2289 1475 2372 luerat,
1501 2290 1529 2356 is

420 2415 463 2483 ad
497 2418 630 2485 eximias
670 2419 877 2485 castimonias
913 2415 1114 2485 exercendas
1149 2441 1226 2483 cnm
1260 2416 1346 2482 Urna
1382 2414 1528 2482 secessit

377 2544 405 2623 4.
421 2540 509 2623 Quid
547 2543 682 2609 interim
715 2541 906 2608 laciendum
939 2544 981 2608 sit
1014 2540 1126 2609 salutis
1161 2543 1374 2609 animantium
1405 2539 1529 2634 gratia,

420 2660 593 2731 moderare
622 2684 674 2747 tu,
713 2686 827 2760 utpote
860 2658 1096 2734 moderaminis
1130 2692 1268 2760 gnarus:
1306 2683 1340 2733 tu
1374 2662 1529 2731 trltimm

379 2786 518 2856 5.nohis
544 2812 578 2853 es
605 2788 803 2883 perfugium.
855 2788 1027 2857 Intellecto
1053 2788 1191 2856 deornm
1218 2812 1371 2857 sermone
1385 2789 1529 2882 Magnus

419 2909 536 2977 mundi
562 2914 706 2980 universi
727 2915 869 2996 Parcus,
907 2914 1050 3007 placidis
1077 2914 1174 2981 dictis
1200 2911 1387 2980 consolatus
1414 2909 1528 2980 Coeli·

377 3038 486 3115 titos,
512 3036 595 3101 haec
620 3035 811 3129 respondit:
838 3036 938 3121 Quod
963 3064 980 3103 a
1008 3036 1069 3104 dea
1088 3040 1280 3131 Memigcna
1308 3036 1435 3103 dietum
1457 3053 1529 3108 est.

418 3181 475 3225 vos
503 3182 541 3223 ex
569 3159 726 3227 uxoribus
750 3162 865 3228 restris
889 3160 1019 3254 prolem
1045 3188 1113 3229 non
1138 3188 1209 3228 esse
1234 3179 1466 3254 generaturos,
1491 3160 1528 3227 id

377 3292 402 3352 7·
419 3280 548 3349 ellatum
576 3282 695 3366 fatale,
730 3310 772 3351 ne
799 3284 979 3369 dubitetis,
1015 3289 1145 3354 irritum
1177 3288 1249 3355 fieri
1283 3284 1425 3377 nequit'
1459 3280 1528 3352 Sed

417 3404 526 3487 adest,
554 3407 648 3475 ecce!
681 3406 795 3503 Ganga
821 3410 954 3478 aethera
980 3409 1234 3504 perambulans,
1260 3434 1299 3476 ex
1326 3434 1391 3501 qua
1418 3411 1529 3502 Ignis,

417 3533 474 3624 qui
498 3533 599 3598 sacris
633 3532 798 3612 vescitur,
829 3533 1001 3625 generabit
1032 3534 1194 3599 exercitus
1220 3530 1362 3598 deorum
1387 3529 1527 3613 ducem,

374 3650 403 3715 8.
417 3652 560 3720 hostium
586 3650 793 3719 domitorem.
837 3652 924 3720 Natu
944 3655 1050 3719 maior
1063 3655 1224 3721 montium
1244 3653 1331 3745 regis
1351 3651 1418 3719 filia
1436 3654 1529 3723 hunc

416 3772 520 3841 tilium
545 3775 690 3856 fovebit,
727 3799 838 3868 neque
870 3775 1090 3845 dubitandum
1118 3794 1189 3857 est,
1230 3775 1295 3843 hoe
1323 3801 1528 3871 magnopere

373 3917 401 3981 9·
415 3896 457 3965 ab
477 3899 563 3967 Uma
583 3900 761 3992 probatum
780 3901 831 3965 iri.
866 3901 940 3985 Quo
958 3925 1110 3968 sermone
1131 3899 1242 3968 audito
1257 3899 1396 3992 Superi,
1423 3905 1528 3994 optati

414 4043 611 4116 compotes,
655 4023 883 4090 venerabundi
926 4024 1084 4117 Magnum
1121 4024 1296 4090 Parentem
1335 4021 1526 4095 adorarunt

356 4162 398 4203 ¹⁰·
413 4146 535 4215 Cuncti
555 4148 655 4240 igitur
676 4143 819 4239 profecti
843 4145 885 4212 ad
911 4164 1059 4213 montem
1079 4145 1244 4212 cailssum
1266 4144 1406 4212 metallis
1432 4172 1527 4240 gem-

411 4289 553 4353 matum,
585 4271 659 4362 lgni
685 4267 902 4348 mandarunt,
934 4284 970 4335 ut
996 4265 1102 4335 filium
1128 4270 1358 4362 generandum
1383 4290 1525 4339 curaret.

355 4393 506 4471 muru,
545 4393 602 4484 qui
635 4394 735 4459 sacris
770 4396 856 4461 vesei
890 4392 997 4471 soles,
1033 4393 1138 4461 hocce
1177 4393 1316 4462 deorum
1354 4395 1526 4486 negotium

412 4512 659 4603 perficiendum·
687 4518 828 4609 suscipe.
885 4516 1006 4582 Emitte
1046 4541 1157 4584 senten
1195 4517 1455 4609 potentissimum
1488 4522 1522 4585 in

353 4638 532 4702 ramentis
556 4637 655 4703 filiam
679 4640 855 4731 Gangem«
905 4639 992 4729 iguis
1013 4639 1150 4732 Superis
1178 4667 1276 4734 opem
1304 4668 1393 4706 suum
1422 4641 1524 4733 polli-

413 4758 512 4837 citus,
540 4758 687 4847 Gangem
714 4761 810 4838 adiit,
840 4782 887 4840 ct,
924 4763 1073 4856 Concipe
1102 4763 1225 4832 foetum
1251 4791 1290 4831 er
1314 4790 1383 4846 me,
1422 4766 1522 4833 Dira!
