3609 5817
526 744 871 895 Risutmsrpoau
900 770 1156 838 cremnos.
1371 751 1425 835 to

323 991 409 1035 rore.
435 968 567 1036 Deinde
579 982 755 1038 nascentur
767 968 797 1034 ei
810 964 869 1034 lilii
883 983 1034 1059 quatuor,
1048 966 1300 1060 incomptrtbili
1314 971 1425 1060 vigore
1442 993 1487 1039 ιι.

323 1087 484 1185 praediti,
507 1092 682 1183 prosapiae
700 1114 776 1156 suac
793 1087 931 1183 gloriam
947 1090 1183 1180 comparaturi,
1207 1115 1271 1185 per
1293 1092 1426 1159 univer·

325 1240 394 1284 sum
420 1216 538 1283 orbem
558 1212 784 1283 celebrati-
808 1213 961 1281 Huncin
984 1211 1120 1281 modum
1139 1212 1218 1281 olim
1233 1214 1426 1308 Sapientum
1443 1244 1488 1287 m.

325 1337 516 1408 coelestium
547 1339 864 1431 praestantissimus,
903 1356 1033 1406 sanctus
1066 1335 1122 1404 ille
1152 1337 1426 1418 Sanatcumlrus,

242 1450 250 1466 ⁸
326 1464 359 1529 in
380 1459 653 1530 anachoretarum
678 1480 774 1529 coetu
799 1459 864 1529 sato
883 1479 1038 1529 eventura
1059 1463 1250 1530 vaticinatus
1269 1480 1326 1530 est
1371 1463 1489 1537 Tu13.

326 1608 421 1667 sero,
447 1583 620 1652 hominnm
637 1586 815 1679 princeps,
847 1582 896 1649 ad
914 1577 1036 1675 Augus
1061 1582 1249 1677 profectus,
1277 1582 1427 1651 Vibhdn·

326 1706 397 1797 daci
420 1708 526 1777 lilium
551 1708 735 1777 honorifice
761 1709 910 1775 habitum
936 1705 1016 1775 inde
1039 1727 1146 1776 tecum
1170 1704 1349 1787 adducito,
1372 1729 1428 1773 re·

326 1834 376 1901 nia
401 1834 495 1929 prius
526 1835 629 1928 petita
660 1834 702 1899 ab
734 1835 876 1900 antistite
907 1835 966 1926 qui
997 1833 1097 1900 rebus
1128 1831 1247 1900 divinis
1274 1829 1363 1925 apud
1394 1849 1426 1898 te

327 1976 464 2053 praeest.
514 1956 708 2027 Sumantrae
731 1956 889 2053 prudenti
915 1956 1053 2026 consilio
1077 1956 1208 2037 audito,
1231 1951 1426 2021 Dasarathas
1444 1959 1488 2036 ab„

327 2078 365 2147 ad
381 2079 594 2149 Vasishtham
612 2081 720 2148 statim
739 2081 896 2161 accessit,
922 2103 1065 2172 eumque
1084 2076 1261 2148 allocutus:
1286 2075 1490 2154 Sumen-15.

287 2281 293 2292 p
327 2222 387 2273 tras
413 2221 543 2285 noster,
567 2204 697 2297 inquit,
722 2202 797 2272 talia
812 2219 944 2287 narrat3
969 2201 1029 2271 des
1047 2203 1128 2269 mihi
1143 2203 1270 2269 veniam
1286 2203 1336 2270 rei
1354 2218 1427 2269 ten-
1558 2195 1563 2200 ⁴

327 2327 442 2396 tandae
463 2326 573 2397 velim.
622 2326 814 2396 Vasishthas
845 2352 1004 2423 quoque,
1036 2326 1155 2394 auditis
1177 2349 1325 2394 annuens
1332 2375 1343 2407 ,
1372 2347 1427 2391 re-

325 2448 458 2543 spondit
481 2450 529 2517 ei:
558 2446 648 2518 Fiat!
674 2449 776 2517 Cuius
801 2450 895 2517 venia
918 2449 1092 2543 impetrata
1111 2471 1171 2515 rex
1195 2447 1292 2516 hilari
1317 2448 1427 2516 animo
1444 2452 1488 2521 ι6.

326 2596 398 2641 eum
428 2571 612 2641 aulicorum
647 2574 784 2642 cohorte
816 2570 1098 2666 consiliorumque
1128 2571 1226 2639 sociis
1256 2570 1426 2668 profectur

325 2714 370 2766 cst
393 2696 438 2764 ad
462 2697 685 2765 Brachmanae
717 2694 841 2765 sedem.
890 2695 989 2766 Silvis
1019 2695 1279 2791 fluminibusque
1305 2695 1428 2765 sensim
1443 2717 1489 2783 ¹7·

325 2821 485 2903 traiectis,
517 2844 620 2914 quum
644 2817 778 2888 tandem
804 2819 847 2888 ad
872 2820 990 2888 urbem
1011 2819 1194 2916 Ldmapddi
1219 2819 1428 2902 accessisset,

324 2942 504 3013 honorilice
540 2962 697 3038 exceptus
733 2969 804 3013 eam
840 2946 980 3013 intravit
1029 2944 1081 3012 lbi
1120 2967 1315 3037 congressus
1351 2965 1427 3012 cum
1443 2941 1489 3008 td

324 3066 523 3135 Brachmana
549 3068 827 3161 praestantissimo
856 3069 891 3135 in
921 3066 1103 3162 Ldmapldi
1134 3070 1224 3164 regia
1256 3068 1429 3162 conspexit

324 3187 377 3258 ille
410 3188 575 3284 Sapientis
609 3189 737 3271 filium,
771 3192 856 3285 ignis
892 3193 1023 3259 accensi
1054 3193 1156 3259 instar
1185 3189 1427 3286 splendentem.

324 3313 453 3381 Deinde
480 3314 691 3410 Ldmapldus
723 3314 808 3385 laeto
840 3317 951 3382 animo
979 3333 1120 3408 propter
1143 3332 1235 3383 vetus
1266 3316 1426 3383 amicitiae
1442 3336 1488 3403 ¹9

323 3431 437 3502 foedus
460 3435 593 3532 hospitii
618 3437 781 3538 honorem
807 3439 838 3503 ei
861 3435 984 3504 habuit
1019 3436 1075 3505 Sic
1100 3435 1186 3504 laute
1212 3453 1343 3504 curatus
1363 3436 1426 3505 ho-
1438 3460 1486 3503 so.

323 3560 445 3626 monna
468 3561 645 3656 princeps,
671 3559 761 3655 apud
785 3561 951 3654 hospitem
976 3585 1081 3655 usque
1106 3559 1149 3628 ad
1174 3561 1351 3654 septimum
1373 3554 1425 3625 rel

322 3702 468 3751 octaviam
495 3683 584 3750 diem
607 3703 844 3766 commoratus,
876 3708 1063 3754 sermonem
1088 3708 1205 3754 orsus:
1232 3681 1348 3764 Senta,
1372 3682 1486 3749 in-ss.

325 3808 410 3899 qaia,
439 3806 506 3876 lilia
536 3827 609 3890 tua,
645 3810 740 3876 oeir
772 3808 867 3878 sortis
899 3812 1087 3907 civiumque
1113 3807 1319 3889 moderator,
1351 3832 1427 3876 cnm

324 3928 438 3996 marito
463 3952 522 3996 suo
544 3929 587 3998 ad
606 3931 723 3998 urbem
744 3952 889 4001 nostram
916 3932 1041 4011 veniat,
1066 3928 1338 4029 quandoquidem
1356 3957 1426 4000 ma·

325 4076 422 4145 gnum
447 4053 529 4123 mihi
555 4059 720 4150 negotium
747 4060 853 4126 instat
891 4057 1109 4125 Consentiens
1134 4055 1486 4153 redemapddus,sa.

324 4194 356 4244 et
374 4177 543 4271 pollicitus
575 4180 617 4249 de
648 4181 856 4275 proiectione
883 4179 975 4250 docti
1006 4182 1155 4264 iuvenis,
1189 4182 1270 4251 adiit
1302 4182 1426 4251 deinde

324 4302 400 4367 ratis
426 4300 554 4384 lilium,
591 4321 720 4371 utrem
747 4328 821 4371 cum
847 4328 887 4372 eo
915 4306 1181 4374 communicaret.
1230 4306 1318 4372 Tum
1343 4307 1486 4373 ami-23.

324 4424 442 4508 citiam,
465 4447 533 4496 turn
559 4432 788 4522 cognationem
813 4445 965 4495 accurate
991 4430 1022 4496 ei
1047 4431 1208 4523 exposuit.
1235 4431 1303 4497 Rex
1329 4430 1424 4499 hicce

323 4546 535 4629 vuambae,
570 4553 702 4647 inquit,
744 4552 911 4621 familiaris
943 4577 1036 4622 meus
1067 4572 1117 4624 ett
1146 4554 1243 4625 valde
1271 4551 1422 4625 dilectu&

323 4670 373 4736 Ab
400 4671 458 4740 illo
485 4676 586 4756 mihi,
615 4700 690 4743 cum
716 4676 788 4769 ipse
814 4675 909 4769 prole
935 4676 1037 4744 orbus
1062 4702 1184 4759 essem,
1218 4694 1252 4746 et
1280 4675 1424 4748 liliorum
1437 4671 1485 4755 ²4·

322 4789 488 4869 desiderio
520 4822 643 4893 aeger,
683 4799 831 4894 precanti
866 4800 901 4869 in
937 4796 1151 4897 adoptionem
1185 4823 1340 4871 concerta
1375 4818 1424 4870 est

425 4975 474 5066 ᾖ

1582 3889 1608 3928 0·
