3609 5817
375 705 460 790 us
667 645 758 785 Lu.
791 691 849 784 11.
879 692 980 786 uu
1009 691 1185 787 xvru.

334 929 364 992 6.
377 936 574 1011 gementem,
610 918 841 1013 cogitationum
871 919 998 1010 impetu
1029 917 1218 996 turbatum,
1252 913 1357 982 ueluti
1387 911 1484 982 undis

376 1045 520 1110 cinctum
551 1047 742 1122 Oceanum,
780 1040 927 1108 sanlius
964 1045 1224 1120 inconcussum,
1260 1054 1481 1122 aestuantem

377 1191 441 1233 ceu
461 1166 576 1236 Solem
602 1164 739 1234 defectu
763 1165 984 1249 laborantem
1010 1191 1072 1232 eeu
1093 1163 1299 1256 Sapientem,
1326 1164 1386 1252 qui
1410 1161 1483 1232 [eloi
1533 1199 1537 1212 ·

336 1315 363 1375 7.
378 1290 459 1384 quid
490 1289 685 1384 imprudens
719 1289 863 1358 dixisset.
914 1288 1191 1358 Animadvertens
1215 1288 1317 1380 igitur
1341 1287 1484 1382 inexpli-

377 1413 519 1480 cabilem
555 1415 645 1483 hune
678 1416 781 1508 patris
819 1439 1034 1496 moerorem,
1075 1414 1244 1508 aliquanto
1284 1415 1482 1482 commotior

334 1536 458 1618 8.suit,
490 1538 586 1605 sicuti
612 1538 768 1605 Oceanus
797 1563 861 1630 per
893 1536 1081 1604 interlunio.
1130 1539 1183 1607 De
1207 1539 1369 1636 genitoris
1391 1539 1483 1606 ineo-

377 1658 524 1728 lumitnte
558 1660 718 1730 sollicitus
752 1661 867 1728 Rimas
901 1661 1021 1730 sollers
1045 1661 1132 1730 haee
1156 1685 1270 1730 secum
1301 1659 1481 1730 volutabat:

334 1784 448 1866 prur
482 1784 618 1853 undem
649 1811 709 1853 rex
733 1784 836 1853 hodie
861 1810 914 1853 me
936 1811 1006 1853 non
1036 1787 1181 1880 benigne
1214 1785 1365 1880 exeipit?
1395 1783 1499 1852 Alius·

377 1927 484 2000 puter,
510 1912 718 2002 quantumvis
746 1911 858 1992 iratus,
883 1935 938 1977 me
962 1913 1032 1977 riso
1055 1909 1183 2004 placari
1207 1910 1315 1994 solet3
1342 1933 1404 1976 enr
1421 1909 1481 1976 lro-

320 2031 434 2100 rodie
464 2059 527 2126 per
558 2061 672 2101 meum
705 2052 875 2127 aspectum
906 2033 1058 2102 molestie
1085 2035 1117 2101 ei
1143 2033 1297 2102 creatum?
1320 2073 1374 2092 -
1398 2033 1481 2100 ilinc

376 2155 434 2222 ille
459 2160 552 2250 quusi
569 2177 807 2240 consternatus,
832 2182 988 2225 moerore
1013 2158 1140 2238 anxins,
1161 2157 1324 2224 exstineto
1346 2157 1416 2224 oris
1435 2155 1482 2222 ni·

378 2297 461 2361 tore,
487 2279 530 2346 ad
558 2281 759 2349 Caeee'r'dem
781 2300 974 2350 reverenter
998 2305 1192 2361 conversus,
1217 2277 1294 2346 tolia
1318 2277 1479 2371 profatur:

320 2433 364 2477 rr.
379 2409 466 2473 num
496 2406 581 2472 sorte
614 2431 633 2472 a
665 2431 719 2472 me
752 2405 966 2499 imprudente
1000 2407 1179 2499 quicquam
1208 2423 1388 2498 peecatum
1421 2419 1478 2480 eet,

378 2548 586 2620 (propropter
617 2548 712 2621 puter
750 2530 831 2596 milri
865 2530 1089 2599 succenseat?
1135 2528 1176 2596 ld
1211 2526 1298 2596 milri
1334 2523 1481 2610 declnrn3

317 2654 460 2745 12.‹priu
488 2670 554 2719 tute
577 2657 688 2746 potius
715 2680 791 2721 enm
806 2653 941 2748 placore
959 2654 1050 2722 velis.
1089 2653 1160 2720 Cur
1175 2649 1359 2746 implacido
1375 2651 1480 2716 animo

380 2792 448 2852 est,
485 2801 624 2866 semper
665 2801 742 2866 erga
777 2802 831 2843 me
862 2777 996 2844 allectus
1028 2778 1134 2844 teneri
1161 2773 1307 2868 plenus?
1347 2771 1481 2842 Vultum

320 2901 365 2966 13.
379 2893 537 2976 deiectus,
563 2897 673 2978 uictis,
698 2923 743 2964 ne
770 2898 872 2966 verbo
896 2898 1034 2992 quidem
1058 2926 1112 2966 me
1136 2899 1260 2967 ellatur.
1308 2897 1400 2964 Num
1424 2893 1483 2962 do-

377 3024 431 3092 lor
455 3023 574 3117 uliquis
611 3047 756 3116 nngorve
792 3048 938 3118 corpore
973 3043 1030 3092 ortt
1063 3025 1172 3092 animo
1199 3039 1386 3116 conceptue
1408 3045 1480 3088 eru-

379 3149 443 3215 eiut
479 3147 576 3214 eum?
615 3146 701 3216 Sane
737 3147 793 3214 vix
826 3146 888 3214 ulli
921 3149 1083 3244 contingit
1119 3165 1285 3242 perpetua
1323 3143 1480 3238 voluptas.

320 3265 467 3346 dnum
492 3272 578 3340 sorte
604 3273 774 3356 Blrarntae,
799 3272 1007 3342 adolescenti
1032 3271 1177 3352 amabili,
1203 3269 1256 3338 rel
1281 3267 1480 3364 Sntrnghoo,

321 3394 430 3461 15.r·el
461 3397 621 3464 man-ibus
655 3395 804 3490 denique
843 3395 974 3463 adversi
1009 3395 1093 3489 quid
1117 3393 1262 3462 cecidit?
1295 3391 1484 3486 Displicens

377 3545 497 3614 inagno
523 3522 613 3613 regi,
649 3539 704 3587 aut
727 3523 814 3586 iussa
846 3522 950 3614 patris
976 3519 1177 3599 detrectans,
1200 3542 1245 3585 ne
1266 3517 1386 3585 lrornm
1410 3513 1484 3608 qui·

318 3642 458 3710 16.‹lcm
482 3646 591 3711 vivere
617 3642 716 3712 eelim
741 3645 802 3711 sub
828 3646 912 3712 irato
940 3643 1085 3712 domino.
1135 3641 1238 3710 Unde
1259 3641 1368 3735 quivis
1383 3639 1483 3706 lromo

378 3767 532 3862 iutelligit
564 3793 680 3835 nevum
716 3793 813 3834 sunm
848 3768 948 3836 vitale
979 3770 1014 3834 in
1053 3769 1118 3836 lroe
1155 3769 1239 3834 orbe
1272 3766 1484 3859 germinasse,

378 3892 549 3986 quonmdo
585 3893 761 3986 quisquam
791 3915 866 3958 eum
897 3915 937 3959 eo
973 3890 1068 3958 ulitcr
1104 3891 1228 3958 versari
1253 3889 1360 3982 possit
1384 3911 1485 3981 qnam

320 4040 365 4102 ¹7·
379 4041 453 4082 cum
479 4017 615 4083 numine
641 4015 828 4108 praesenti?
856 4013 945 4080 Num
961 4014 1046 4082 sorte
1065 4041 1084 4080 a
1106 4032 1148 4095 te,
1170 4013 1255 4080 sustu
1276 4009 1486 4106 impellente,

379 4140 541 4232 probrum
573 4137 712 4230 aliquod
737 4140 771 4204 iu
797 4158 927 4231 putrem
951 4163 1064 4203 meum
1087 4139 1209 4205 iactum
1242 4154 1311 4216 est,
1341 4161 1410 4230 qun
1435 4133 1485 4202 nl·

321 4263 366 4328 18.
379 4263 527 4330 sensione
544 4287 636 4328 meus
656 4263 725 4328 eius
743 4263 844 4328 suerit
866 4259 1046 4354 perculsu?
1070 4259 1109 4327 ld
1135 4262 1216 4328 milri
1242 4259 1485 4354 percunctanti,

380 4383 531 4466 domina,
565 4413 605 4453 ex
641 4411 723 4454 vero
757 4384 903 4455 declara:
937 4411 1002 4479 qun
1037 4385 1079 4452 de
1106 4411 1219 4452 euusm
1243 4383 1377 4452 insolita
1401 4381 1487 4449 lrnee

322 4513 514 4588 mummio
548 4512 581 4575 iu
612 4531 744 4578 rectore
779 4513 913 4605 imperii
947 4509 1126 4579 cernatur?
1157 4539 1208 4560 -
1232 4509 1290 4576 Sic
1315 4507 1486 4574 admonita

379 4629 517 4698 Cucee'r's
543 4661 560 4699 a
587 4635 757 4726 linglruitle
785 4638 1005 4728 maguntinum,
1030 4652 1067 4701 ut
1091 4654 1161 4702 erut
1186 4629 1486 4724 impudentissima,

317 4771 365 4817 πο.
379 4752 517 4846 protulit
534 4782 722 4826 sermonem
743 4759 911 4840 nutlucem,
935 4759 1020 4826 lueri
1042 4757 1190 4828 avidum:
1216 4759 1293 4824 n'on
1311 4769 1489 4826 succenset
