3609 5817
499 736 784 827 Dastna‘mas
813 761 945 826 aurato
975 759 1281 827 paumannos.
1352 742 1438 827 983

332 981 348 1017 a
375 953 533 1045 Superis,
570 956 622 1021 uir
650 953 873 1048 qualicunque
907 955 1006 1024 modo
1040 973 1232 1023 constanter
1264 953 1300 1021 id
1324 956 1436 1022 seram.

332 1076 431 1160 Quod
457 1079 483 1143 si
517 1080 598 1144 mihi
630 1079 727 1147 sunus
761 1081 926 1173 obtingat,
951 1099 1127 1175 antequam
1158 1078 1245 1148 malo
1272 1079 1478 1147 affecerirnd.

330 1200 474 1281 Ramam,
499 1202 582 1270 nilril
608 1202 686 1269 mali
705 1206 867 1283 meritum,
894 1222 972 1271 tune
994 1204 1128 1271 demum
1150 1203 1338 1271 felicitatem
1364 1202 1445 1269 adi-¹

329 1324 446 1414 piscar.
498 1329 587 1392 Dum
609 1328 655 1395 sic
691 1326 931 1397 lamentabatur
955 1330 1034 1410 iste,
1063 1330 1196 1397 turbiue
1222 1330 1341 1395 mentis
1370 1328 1477 1407 eir-9

332 1464 517 1528 cumanus,
543 1448 600 1517 Sol
629 1448 672 1517 ad
698 1475 854 1520 occasum
878 1466 1086 1543 pervenerat,
1109 1468 1142 1517 et
1167 1452 1238 1517 Nor
1265 1449 1435 1546 paullatim

332 1569 543 1639 evehebatur.
597 1575 685 1643 llaec
708 1594 817 1643 autem
839 1600 901 1669 per
928 1594 994 1643 tres
1023 1572 1146 1669 vigilias
1173 1573 1357 1668 dispertita,
1383 1572 1435 1640 lu·
1452 1600 1496 1643 ιο.

328 1712 390 1755 uae
416 1694 498 1760 orbe
524 1718 690 1778 coronata,
716 1701 788 1793 regi
813 1716 928 1767 vexato
964 1723 1003 1766 ac
1029 1696 1222 1765 lamentanti
1246 1721 1314 1764 nou
1341 1716 1433 1793 grate

328 1808 454 1878 atlulsit
514 1815 590 1882 Tali
625 1816 725 1885 modo
758 1818 864 1886 calida
897 1821 1037 1913 suspiria
1071 1820 1203 1886 trahens
1229 1818 1433 1914 grandaevus
1452 1852 1497 1897 rt.

328 1958 389 1998 rex
415 1936 611 2008 Dasarathas
644 1941 765 2008 misere
797 1940 1037 2009 lamentabatur
1069 1965 1275 2023 moerorem,
1310 1940 1434 2009 lumina

329 2058 362 2120 in
390 2057 483 2126 coelo
508 2061 570 2127 fixa
594 2080 720 2129 tenens.
771 2061 866 2130 ‘Non
891 2061 1047 2129 desidero
1074 2060 1260 2131 diluculum
1284 2081 1387 2145 tuum,
1413 2086 1496 2137 ota.

328 2184 421 2247 ”Nox
453 2182 617 2250 sideribus
659 2183 834 2252 illustrata!
869 2203 997 2277 gratum
1027 2182 1164 2278 aliquod
1199 2185 1281 2251 mibi
1314 2185 1433 2266 facito,

328 2301 448 2368 aalma!
484 2306 543 2371 tibi
569 2332 684 2374 manus
714 2307 814 2375 lrascc
839 2306 1010 2401 supplices
1036 2309 1182 2402 porrigo.
1231 2309 1298 2377 Aut
1322 2309 1432 2403 potius
1450 2327 1496 2393 15.

328 2440 495 2518 ”propere
520 2430 628 2514 abit03
653 2429 743 2497 baud
760 2431 921 2525 equidem
945 2432 1044 2526 cupio
1061 2433 1231 2517 immitem,
1258 2432 1432 2503 crudelem

327 2550 549 2617 “Caeret'dern
575 2549 660 2617 ultra
686 2550 819 2633 ridere,
850 2553 942 2619 euius
964 2552 1062 2647 culpa
1084 2577 1157 2620 sum
1176 2554 1211 2619 in
1235 2554 1430 2622 aerumnis«
1448 2571 1496 2650 14.

326 2673 411 2739 Cum
437 2675 514 2739 fletu
529 2673 655 2742 deiude
672 2701 731 2744 rex
747 2674 952 2744 Caeret'dem
970 2678 1138 2769 protensis
1152 2676 1303 2743 manibus
1319 2674 1431 2743 denuo

324 2793 457 2886 placare
480 2815 615 2865 conatus
630 2812 691 2877 est,
716 2812 816 2889 atque
831 2795 921 2891 hunc
934 2820 1125 2864 sermonem
1140 2795 1297 2890 protulit:
1321 2796 1431 2864 Probe
1448 2799 1494 2867 15.

324 2918 486 2999 animato,
509 2921 652 2998 misero,
678 2918 722 2986 ad
750 2938 782 2986 te
808 2917 1032 3013 confugienti,
1057 2920 1122 2986 rita
1148 2917 1316 3001 defuncto,
1338 2919 1432 2988 venia

325 3059 374 3106 est
397 3040 516 3123 danda,
543 3069 617 3110 cara
633 3042 777 3123 domina,
809 3042 880 3133 regi
905 3043 1109 3134 praesertim.
1159 3042 1278 3109 Omnis
1303 3042 1493 3133 pressi-rb.

324 3162 370 3227 dii
397 3188 474 3228 sane
502 3188 637 3254 egenus,
664 3187 683 3231 o
707 3164 859 3241 formosa,
886 3162 951 3230 hoc
969 3162 1076 3230 solum
1095 3162 1186 3230 effari
1210 3185 1360 3255 possum:
1387 3159 1430 3228 da

323 3286 452 3351 reniam
479 3302 514 3350 ut
540 3282 651 3366 decet,
676 3282 803 3378 puella,
826 3282 1102 3378 quandoquidem
1120 3301 1156 3352 tu
1180 3309 1215 3351 es
1240 3283 1329 3351 bene
1354 3306 1430 3352 eor-

323 3406 406 3476 data.
469 3411 615 3503 Propitia
649 3412 703 3491 sis,
734 3407 885 3477 domina!
915 3410 1031 3477 Rimas
1067 3410 1140 3503 ipse
1171 3434 1313 3503 regnum
1347 3435 1366 3476 a
1394 3425 1428 3476 te
1446 3430 1491 3498 t7.

322 3533 435 3600 datum
461 3535 621 3627 accipiat,
648 3556 667 3600 o
693 3533 796 3627 nigris
821 3531 995 3627 palpebris
1021 3529 1161 3601 decora!
1186 3531 1244 3601 sic
1270 3532 1429 3625 optimam

322 3661 439 3725 sanum
463 3660 522 3725 tibi
546 3656 761 3749 comparabis.
813 3656 910 3737 blilti,
935 3655 1066 3737 Romae,
1091 3656 1230 3750 populo,
1255 3656 1428 3750 magistris,
1445 3659 1491 3727 18.

324 3783 548 3875 ltlrarataeque
576 3785 639 3877 ipsi
665 3800 794 3876 gratum
817 3781 883 3851 boc
909 3781 1017 3864 facito,
1039 3780 1173 3849 iuvenili
1198 3779 1341 3861 femore,
1366 3807 1427 3851 ore

321 3903 494 3997 oculisque
520 3903 645 3997 pulcris
668 3906 787 3971 nitens.

418 4025 540 4092 Audita
565 4026 665 4118 regis,
691 4023 806 4092 oeulos
832 4024 957 4093 rubore
987 4023 1115 4111 suffusi,
1140 4048 1258 4092 rocem
1282 4023 1426 4094 lacrimis
1443 4060 1489 4125 ¹9·

321 4148 431 4229 fracti,
456 4151 544 4216 varia
568 4176 606 4217 ac
631 4147 815 4215 miserabili
840 4145 1087 4226 lamentatione,
1120 4149 1267 4241 coniugis
1293 4145 1427 4216 candidi

319 4297 402 4336 uxor
427 4297 527 4364 praua
553 4287 587 4336 et
609 4267 754 4338 crudelis
776 4294 820 4335 ne
847 4269 985 4336 verbum
1003 4267 1137 4361 quidem
1164 4269 1311 4363 protulit.
1337 4272 1490 4356 Tumw,

320 4421 377 4460 rex
405 4398 525 4461 iterum
553 4413 689 4489 stupore
713 4419 906 4489 oppressus,
930 4394 1062 4459 intuens
1085 4392 1260 4461 mulierem
1285 4412 1425 4463 amatam

319 4544 451 4610 seruper
485 4517 711 4612 indignantem
744 4521 877 4612 sibique
911 4516 956 4584 dc
982 4515 1042 4583 lilii
1067 4518 1181 4586 exsilio
1208 4517 1425 4610 pertinaciter

320 4642 570 4737 obloquentem,
596 4668 678 4736 prae
702 4640 911 4735 aegritudine
931 4666 1036 4733 seusu
1059 4665 1169 4713 cassus
1181 4641 1272 4714 homi
1293 4639 1423 4714 eccidit·
