3609 5817
404 706 457 787 ll
768 697 865 785 Lus..
887 695 919 785 Ι.
952 695 1050 789 Cir.
1081 697 1134 786 Χ.

345 911 516 1009 25‚puella
540 933 674 984 venutta
701 915 818 997 santa,
858 919 1021 983 carissima
1052 920 1154 1011 ipsius
1180 935 1261 983 nata.
1313 913 1406 981 Idem
1431 910 1508 992 ille,

406 1034 659 1105 ebrachmana!
686 1036 804 1103 codem
825 1039 896 1104 iure
918 1063 985 1131 quo
1012 1063 1073 1134 ego
1098 1058 1171 1105 tuus
1197 1056 1246 1105 est
1271 1063 1376 1107 socer.
1410 1037 1507 1105 Nune

405 1162 433 1227 is
458 1158 534 1227 filiis
567 1185 686 1254 egens,
724 1187 744 1226 o
774 1162 825 1227 bis
854 1179 1006 1228 natorum
1034 1161 1179 1255 epn‘me!
1218 1161 1260 1228 ad
1292 1181 1323 1229 te
1352 1181 1509 1254 tanquam

345 1291 392 1356 26.
406 1282 608 1377 praesidium
630 1308 724 1349 suum
745 1281 907 1376 confugit:
933 1282 1023 1350 hunc
1039 1281 1124 1351 filios
1146 1285 1290 1351 nancisei
1310 1285 1510 1376 cupientem,

405 1409 451 1473 mi
471 1404 593 1487 filiole,
614 1408 649 1471 iu
676 1430 768 1473 sacro
789 1403 995 1497 perficiendo
1021 1402 1174 1471 adiuvare
1199 1422 1231 1472 te
1257 1402 1361 1475 decet
1394 1404 1511 1474 Prole·

406 1549 477 1598 etus
508 1531 612 1611 hinc,
647 1554 722 1595 cum
754 1553 855 1596 uxore
887 1548 942 1596 tua
969 1528 1084 1612 santa,
1116 1533 1183 1598 voti
1216 1555 1291 1597 eum
1323 1548 1511 1625 compotem

346 1681 394 1744 ²7·
406 1652 514 1722 facito.
554 1656 627 1738 Quo
653 1677 806 1721 sermone
831 1651 943 1720 audito
969 1654 1049 1719 tratis
1066 1651 1151 1720 lilius
1169 1677 1318 1748 quoque,
1337 1651 1425 1720 ultro
1441 1656 1512 1747 regi

346 1791 396 1856 28,
407 1800 567 1856 assensus,
593 1800 668 1841 eum
696 1777 835 1868 coniuge
859 1778 924 1842 iter
947 1777 1100 1868 suscepit
1135 1775 1189 1842 Illi
1215 1774 1281 1845 duo
1304 1796 1423 1859 autem,
1445 1777 1513 1845 Da·

406 1901 611 1970 mamasac
634 1898 1033 1992 strennusLdmapsldns‚
1061 1897 1203 1966 dexteris
1230 1901 1347 1968 iunctis
1372 1902 1513 1967 invicem

407 2049 443 2092 se
463 2022 704 2102 salutaverunt,
731 2042 764 2089 et
784 2047 866 2116 prae
885 2048 997 2090 amore
1016 2041 1152 2116 pectora
1173 2021 1327 2115 amplexu
1351 2023 1513 2091 foverunt.

347 2150 507 2241 29.Tune
532 2173 591 2215 rex
609 2150 806 2216 Dasarathas
829 2150 997 2216 ministros
1019 2149 1118 2215 rebus
1137 2149 1290 2242 gerendis
1313 2147 1453 2216 idoneos
1473 2146 1515 2213 ad

408 2276 541 2370 imperii
566 2276 616 2341 sui
650 2271 766 2340 sedem
796 2272 948 2355 dimisit,
986 2276 1089 2366 optati
1122 2292 1256 2342 eventus
1289 2272 1513 2368 praenunties.

348 2416 396 2479 30.
409 2398 489 2468 Sine
503 2421 614 2478 more,
640 2398 688 2464 sic
704 2398 744 2464 iis
761 2398 920 2490 imperat,
946 2397 1026 2465 urbs
1046 2422 1119 2464 mea
1139 2397 1253 2466 festive
1274 2414 1421 2478 ornetur,
1447 2393 1515 2461 sus·

408 2523 552 2592 limentis
573 2519 748 2602 lustretur,
780 2521 844 2589 vici
867 2546 954 2614 aqua
985 2540 1246 2615 conspergantur
1270 2540 1303 2589 et
1328 2537 1516 2599 versantur,

348 2660 398 2723 31,
411 2641 531 2710 uexilla
555 2668 574 2711 e
601 2644 737 2739 fastigiis
771 2641 977 2711 extollantur.
1025 2644 1123 2737 Regis
1155 2643 1297 2713 adventu
1327 2638 1516 2737 comperto,

414 2770 502 2837 eires
529 2768 649 2863 gaudio
680 2768 878 2838 exsultantes
913 2792 1050 2861 operam
1084 2767 1209 2837 dedere
1239 2768 1450 2861 frequentes,
1482 2784 1517 2833 ut

348 2909 402 2971 32,
413 2894 500 2986 regis
531 2894 617 2960 iussa
648 2912 918 2985 exsequerentur.
980 2892 1112 2961 Deinde
1148 2919 1207 2961 rex
1237 2894 1369 2962 introvit
1397 2891 1516 2958 urbem

413 3013 531 3110 pulcre
547 3036 710 3098 ornatam,
739 3041 815 3084 eum
832 3018 1035 3085 concharum
1048 3037 1348 3112 tympanorumque
1366 3015 1516 3108 strepitu,

349 3154 401 3217 53,
413 3139 616 3208 Brachmanae
633 3141 765 3233 egregio
781 3141 816 3206 in
831 3138 940 3208 fronte
958 3142 1095 3234 agminis
1117 3140 1287 3210 collocato.
1326 3139 1423 3208 Cives
1441 3164 1521 3231 gau·

414 3263 471 3333 dio
492 3264 568 3332 elati
583 3264 692 3346 suere,
709 3291 813 3358 quum
828 3290 942 3358 regem
958 3290 1127 3333 reversum
1146 3262 1313 3345 viderent,
1329 3264 1519 3330 comitatum

351 3398 402 3480 54.
415 3391 494 3458 vatis
510 3390 598 3471 lilio,
625 3390 773 3457 flammae
790 3414 947 3457 acceusae
961 3391 1065 3457 instar
1083 3388 1289 3482 splendente.
1322 3385 1443 3480 Populi
1459 3384 1521 3455 tle·

414 3518 523 3583 minus
542 3539 632 3596 vero,
657 3516 889 3608 Rishyasringa
907 3539 1021 3582 seeum
1040 3512 1196 3594 adducto,
1216 3510 1436 3579 arbitrabatur
1454 3511 1520 3576 iem

415 3640 583 3732 negon'um
602 3662 637 3704 sc
656 3636 852 3719 absolvisse,
877 3657 1095 3733 votorumque
1115 3635 1216 3730 plene
1242 3652 1430 3729 compotem
1448 3656 1520 3701 esse

352 3768 402 3830 55.
417 3762 548 3828 lactum.
598 3761 728 3829 Cohors
754 3760 860 3827 aulica
885 3785 1019 3855 quoque
1041 3763 1149 3857 gavisa
1174 3778 1240 3842 est,
1265 3785 1370 3855 quum
1387 3757 1521 3825 Sanum

417 3883 588 3950 advenisse
614 3882 758 3967 viderct3
784 3879 996 3975 puellamque
1019 3901 1187 3951 venustam
1208 3907 1285 3951 cum
1304 3881 1444 3972 coniuge
1460 3896 1521 3945 suo

354 4024 406 4090 36,
417 4007 601 4078 honorilice
624 4011 763 4101 excepit
813 4005 982 4074 Laudibus
1010 4006 1195 4075 celebratus
1216 4032 1298 4101 prae
1318 4004 1453 4085 ceteris,
1476 4004 1523 4069 si-

419 4132 486 4199 cuti
510 4131 582 4224 ipse
607 4155 683 4214 rex,
708 4134 911 4200 Brachmanai
930 4134 1065 4227 insignis
1086 4158 1149 4227 per
1169 4128 1374 4224 aliquantum
1392 4147 1524 4221 tempo-

356 4253 463 4334 ³7·ris
487 4258 537 4323 ibi
562 4256 727 4324 habitavit
778 4259 878 4325 Omni
904 4259 1066 4353 obsequio
1092 4255 1199 4324 cultus
1224 4280 1243 4320 a
1267 4252 1383 4334 Salute,
1416 4250 1523 4318 forma

418 4380 554 4450 coelesti
579 4381 746 4476 praedita,
778 4383 923 4479 fulgebat
945 4386 973 4450 is
995 4382 1137 4477 perinde
1161 4401 1260 4476 etque
1283 4372 1526 4447 Aremdhatidis

418 4530 555 4575 consors
573 4508 785 4588 Vasishthas,
812 4509 930 4576 summi
948 4511 1163 4575 Burcuututs
1191 4504 1286 4573 filius.

833 4689 909 4703 .—
