3609 5817
574 722 864 814 Dasaatnue
892 749 1169 816 murmano.
1340 735 1428 820 ato

323 937 423 1006 «libus
449 936 554 1005 oeulis
569 938 702 1024 alecora,
727 942 907 1036 quiequam
928 943 1242 1028 autinconeinnum,
1266 963 1322 1014 aut
1345 946 1429 1014 milti

322 1066 488 1155 ingratum
511 1062 636 1146 fecisti,
669 1085 877 1160 quapropter
911 1091 956 1134 ne
982 1091 1073 1137 nune
1097 1067 1237 1162 quidem
1262 1067 1368 1138 cretlo
1393 1086 1430 1136 te

322 1193 412 1255 serio
438 1188 538 1280 loqui.
590 1190 710 1254 bonne
724 1187 914 1280 lingbuitles
930 1189 989 1256 tibi
1016 1187 1136 1257 eotlem
1158 1186 1233 1257 loco
1257 1213 1326 1284 tpuo
1339 1189 1426 1258 llba·
1440 1221 1487 1266 so.

322 1332 408 1378 raus
430 1310 655 1402 magnanimus
679 1308 843 1379 babetur?
894 1312 999 1392 Sane,
1028 1309 1109 1378 dum
1133 1309 1241 1378 inians
1263 1310 1321 1380 ille
1346 1330 1428 1396 erat,

323 1460 425 1527 saepe
453 1452 488 1500 tu
505 1433 585 1498 mibi
612 1431 691 1501 tales
717 1432 845 1502 fabulas
874 1436 1041 1503 narrabas.
1091 1433 1268 1520 Quomotlo
1293 1435 1341 1518 lit,
1365 1435 1491 1514 alo-at.

324 1559 428 1638 mitra,
459 1575 495 1623 ut
530 1557 592 1621 iam
624 1555 683 1620 tibi
708 1553 915 1623 verecundae
939 1553 1072 1650 placeat
1091 1558 1213 1624 Bimae
1238 1556 1336 1624 buius
1362 1558 1429 1650 pii,

325 1682 449 1776 inclyti,
474 1679 626 1746 exsilium
661 1680 694 1744 in
726 1678 815 1746 siltis
841 1704 904 1773 pet·
936 1702 1057 1748 notem
1088 1698 1123 1747 et
1148 1681 1299 1774 quinque
1324 1705 1429 1748 annos

324 1802 556 1870 tolerandum?
606 1803 722 1870 Rimas
747 1822 837 1870 certe
859 1804 1040 1897 impensius
1065 1802 1117 1872 vel
1134 1807 1208 1897 ipso
1233 1806 1372 1874 blneata
1396 1825 1491 1882 ten,

324 1926 488 2019 obstetptio
514 1925 607 1993 colit:
635 1952 739 2020 ‹ptare
766 1927 854 1994 inter
879 1927 973 1994 illum
996 1947 1030 1994 et
1053 1928 1236 2009 llltarntam,
1268 1945 1430 2022 quantum

324 2047 367 2113 atl
396 2067 440 2129 te,
465 2045 591 2115 nullum
626 2046 807 2115 discrimen
840 2049 1019 2141 perspicio.
1068 2049 1289 2144 Obsequium,
1314 2050 1490 2146 digus-23,

324 2175 458 2244 tiericus.
484 2173 726 2253 anctoritatem,
753 2169 984 2240 mandatorum
1007 2198 1138 2254 eunus,
1160 2174 1236 2270 quis
1260 2171 1342 2242 alias
1367 2177 1430 2242 im-

324 2295 461 2388 pensius
484 2311 653 2387 praestare
680 2293 740 2360 tibi
762 2297 866 2387 possit
891 2295 1130 2388 quamiuvenis
1154 2295 1332 2391 egregius?
1381 2298 1492 2387 Ena.

262 2483 267 2492 ,
323 2417 435 2484 multis
469 2416 615 2484 millibus
648 2435 716 2483 tum
743 2416 958 2502 sentinarum,
990 2437 1060 2485 tum
1084 2416 1255 2485 clientium
1279 2439 1432 2484 meorum

322 2537 413 2605 nttlla
439 2539 635 2606 obtrectatio
662 2537 712 2607 vel
741 2539 926 2608 criminatio
951 2556 1067 2607 contra
1091 2536 1299 2632 Ragltuitlem
1323 2541 1432 2608 inten-

324 2679 418 2728 tatur.
469 2662 621 2733 lllulceut
647 2690 762 2733 omnes
778 2664 932 2731 mortales
954 2661 1087 2757 placitla
1110 2681 1234 2742 mente,
1258 2663 1428 2731 bominum
1443 2673 1494 2741 25.

322 2784 482 2877 princeps
508 2785 681 2854 beneficiis
707 2789 799 2880 regni
827 2784 952 2854 incolas
976 2786 1041 2852 sibi
1067 2782 1231 2854 conciliat.
1262 2784 1349 2855 Fitle
1381 2789 1494 2870 cinae,

324 2931 381 2974 ves
404 2908 580 3003 obstringit
601 2907 788 3002 Ragltuitles
814 2908 931 2988 beros,
960 2909 1097 2975 miseros
1123 2905 1232 2988 donis,
1257 2909 1430 3002 magistros

324 3031 501 3123 obsequio,
527 3056 606 3097 arcu
633 3033 668 3097 in
695 3031 830 3124 proeliis
856 3048 992 3124 superat
1019 3029 1157 3097 hostiles
1188 3034 1311 3124 copias.
1362 3033 1494 3134 leq-5,

325 3151 413 3226 riuis,
440 3150 581 3242 largitio,
607 3153 721 3244 pietas,
747 3151 939 3232 liberalitas,
960 3151 1114 3231 asuieitia,
1147 3153 1308 3244 probitas,
1329 3155 1433 3220 recti·

324 3271 415 3353 tutlo,
438 3271 600 3359 doctrina,
623 3275 854 3364 magistrorum
867 3272 1092 3339 observantia:
1116 3271 1200 3340 bace
1215 3273 1326 3340 omitia
1351 3297 1432 3365 per·

326 3415 426 3488 pretato
455 3398 566 3464 iusuttt
591 3396 790 3492 llagltuitlac.
841 3396 967 3464 Contra
996 3395 1087 3463 bttnc
1111 3395 1257 3474 bimam,
1280 3392 1325 3461 etl
1350 3409 1494 3488 pro-28,

324 3522 460 3588 bitatetn
486 3521 738 3602 conformatum,
764 3522 836 3590 Diis
860 3517 1131 3614 comparabilem,
1151 3539 1347 3612 magnarum
1371 3516 1433 3586 Sa·

325 3646 473 3738 pit-ntum
500 3646 603 3712 instar
627 3642 815 3724 lucentem,
841 3641 1029 3738 quomotlo,
1054 3641 1199 3726 domina,
1220 3661 1315 3738 potes
1340 3639 1433 3710 nefas

323 3765 458 3834 moliri?
509 3767 583 3833 non
611 3764 773 3835 recortlor
798 3764 902 3832 ullum
937 3767 1095 3833 acerbum
1121 3789 1311 3834 sermonem
1334 3765 1494 3852 buiusap.

326 3892 452 3984 ubique
478 3887 707 3983 blandiloqui:
734 3887 904 3982 tpttomotlo
931 3891 1031 3984 igitur
1055 3890 1189 3956 libanam
1214 3886 1373 3956 tlilcctum
1397 3889 1434 3956 ln

325 4013 371 4077 tui
397 4014 533 4103 gratiam
560 4012 689 4078 acerbis
716 4011 814 4078 (lictis
841 4009 1047 4106 compellare
1072 4013 1230 4104 possum?
1260 4013 1323 4079 cui
1349 4013 1494 4082 locatio.

328 4137 505 4226 patientia,
531 4135 768 4228 temperantia,
793 4131 991 4214 liberalitas,
1016 4130 1120 4216 litles,
1143 4135 1280 4210 iustitia,
1304 4131 1435 4201 benoli-

327 4258 454 4323 ciorum
480 4258 655 4342 memoria,
690 4254 864 4324 elementia
888 4281 966 4348 erga
993 4279 1110 4323 onatscs
1134 4257 1335 4324 animantes:
1361 4257 1495 4334 sitte3a,

327 4405 367 4444 eo
390 4381 560 4472 quodnam
582 4381 646 4446 erit
671 4379 824 4446 columen
852 4377 988 4445 metatu?
1023 4379 1107 4444 lllilti
1129 4380 1212 4456 aeni,
1235 4377 1370 4460 Caecel',
1389 4377 1434 4446 ad

329 4505 428 4567 lantso
457 4505 668 4596 properanti,
696 4500 837 4578 infelici,
873 4498 1109 4566 anisa-rabiliter
1140 4499 1355 4584 lamentanti,
1378 4525 1435 4570 ee·

325 4626 411 4689 ttiatu
440 4623 519 4690 clarc
545 4642 576 4690 te
603 4623 710 4692 (lecet.
763 4620 931 4715 Quicquid
957 4624 991 4688 in
1018 4621 1136 4688 tellure
1161 4645 1287 4691 oceano
1312 4621 1494 4700 ambitus.

328 4747 547 4838 comptis-itur,
574 4743 608 4810 itl
634 4747 822 4814 attritersuus
846 4743 906 4810 tibi
932 4739 1036 4810 tlabo:
1061 4741 1131 4812 noli
1157 4763 1193 4812 tu
1216 4741 1319 4814 uotlo
1345 4769 1434 4814 mor·
