3609 5817
520 737 740 831 Ssctttrtcu
770 706 1256 846 sensusconsouusrto.
1377 750 1431 832 53

329 959 420 1041 dras,
454 957 565 1027 verbis
589 955 780 1026 solennibus
805 958 1021 1041 invocarunt,
1052 984 1132 1029 soce
1159 956 1326 1029 modulata
1349 983 1432 1053 pros

327 1081 499 1152 nunciatis.
535 1078 697 1152 Suaribns
719 1079 850 1175 hymnis
876 1083 1144 1176 carminibusque
1164 1083 1309 1165 canoris,
1334 1083 1429 1151 sicuti
1441 1110 1470 1173 9.

326 1203 484 1285 decebat,
517 1200 708 1273 offerebant
726 1203 913 1273 sacerdotes
939 1204 1106 1275 coelicolis
1130 1207 1300 1300 portiones
1325 1202 1430 1273 laticis

326 1330 409 1396 sacri
439 1327 509 1419 igni
541 1325 672 1394 infusas.
722 1326 821 1397 Nulla
854 1329 901 1396 ibi
934 1328 1056 1399 oblatio
1086 1333 1205 1399 omissa
1237 1349 1305 1412 est,
1341 1328 1431 1399 nulla
1449 1362 1491 1402 so.

326 1445 443 1542 religio
470 1449 702 1516 contaminata:
728 1453 837 1517 omnia
855 1450 899 1518 ad
917 1477 1043 1521 sacram
1068 1452 1277 1548 disciplinam
1301 1476 1431 1521 accom-

326 1567 458 1638 modata
488 1568 730 1654 cernebantnr3
760 1568 872 1640 faustis
903 1597 981 1642 ssne
1012 1575 1166 1667 auspiciis
1196 1578 1322 1670 operati
1347 1596 1432 1644 sunt

323 1693 428 1774 Nemo
455 1694 525 1760 istis
558 1688 676 1760 diebus
703 1691 755 1760 rel
782 1721 938 1763 aerumna
967 1699 1136 1768 conlectus
1169 1698 1351 1782 visebatur,
1380 1698 1431 1766 vel
1448 1714 1494 1756 ΙΙ·

325 1814 409 1883 lame
435 1813 607 1898 tabanus,
633 1815 716 1884 nibil
740 1842 809 1885 non
833 1838 1036 1902 recreatum,
1061 1847 1104 1887 ne
1129 1822 1216 1888 inter
1234 1822 1332 1890 bruta
1357 1824 1432 1916 qui·

326 1934 422 2018 dem,
454 1934 579 2005 nedum
611 1939 698 2005 inter
729 1959 856 2007 ceteros
887 1944 1076 2011 animantes.
1134 1944 1252 2036 Neque
1276 1942 1432 2011 mulieres
1449 1970 1493 2011 sa.

326 2061 473 2154 cognatis
488 2060 603 2141 orbas,
628 2084 691 2129 nec
707 2059 865 2155 puerulos
885 2086 1040 2146 senesre,
1060 2089 1123 2132 nec
1146 2091 1308 2161 pauperes
1330 2067 1433 2136 lame·

324 2182 406 2254 lieos
440 2184 489 2253 ibi
519 2185 600 2252 eitra
632 2186 814 2252 satietatem
845 2202 975 2253 curatos
1007 2188 1244 2281 conspexisses.
1294 2189 1432 2257 Aseetse
1449 2190 1496 2254 sl.

325 2305 549 2402 epulabantur
575 2310 750 2390 contiuno,
775 2309 996 2404 epulabantur
1016 2309 1162 2378 mendici
1187 2334 1322 2381 errones
1347 2336 1433 2406 quo-

325 2456 410 2525 qne3
436 2430 586 2526 undique
608 2430 826 2501 audiebantur
848 2434 909 2501 hae
937 2457 1047 2502 voces:
1075 2434 1162 2501 »vos
1187 2430 1373 2526 largiminil
1400 2451 1433 2501 et

325 2574 382 2620 ros
403 2550 601 2645 epulamini!
627 2554 764 2626 Dandus
781 2573 830 2621 est
853 2555 965 2636 cibus,
988 2551 1097 2620 danda
1118 2572 1195 2622 sunt
1208 2556 1288 2621 varii
1302 2555 1432 2648 ‘generis
1449 2551 1494 2633 tl.

324 2679 552 2761 vestimentem
575 2680 619 2746 ita
636 2676 823 2773 compellati
839 2678 982 2746 ministri
998 2675 1154 2749 indefessi
1171 2680 1258 2748 iussa
1272 2702 1433 2775 esseque·

325 2797 457 2872 bantur·
508 2800 740 2868 Cernebantur
765 2801 902 2895 plurimi
928 2802 1078 2870 ciborum
1103 2801 1247 2884 cumuli,
1271 2802 1434 2871 montium
1450 2797 1496 2860 ¹5·

324 2922 438 3005 instar,
456 2946 521 2990 nec
532 2946 600 2991 non
614 2924 833 2994 sorbitionem
848 2923 938 2992 lacus
952 2925 988 2991 in
1004 2922 1075 2995 dies
1091 2928 1250 3019 apparati
1276 2926 1432 2995 Advenae
1449 2933 1494 2997 ιὰ

325 3046 461 3113 stertis
485 3045 687 3140 peregrinis,
712 3044 956 3141 mulierumque
973 3071 1096 3141 greges
1112 3048 1188 3115 cibo
1204 3074 1242 3116 ac
1266 3066 1349 3142 potu
1373 3049 1433 3116 ab·

325 3166 415 3240 ude
426 3169 664 3238 reficiebantur
678 3171 713 3237 in
725 3172 887 3264 principis
903 3172 1102 3263 magnanimi
1114 3172 1286 3241 sacrificio.
1309 3172 1433 3239 Bracb-
1449 3186 1495 3250 ¹7·

326 3261 460 3365 asum
482 3317 562 3363 sero
595 3292 766 3388 complura
792 3294 894 3360 millia
917 3291 960 3361 ad
985 3294 1068 3361 luce
1089 3292 1238 3362 solennia
1263 3295 1433 3361 convocati

328 3419 504 3513 separatim
523 3418 741 3486 vescebantur
762 3416 904 3512 dapibus
924 3414 1078 3483 dulcibus
1096 3417 1266 3508 tertiisque.
1303 3414 1432 3484 Esasis
1449 3421 1495 3484 18.

329 3542 434 3610 aureis
459 3542 679 3634 argenteisre,
702 3565 822 3635 magno
847 3562 985 3607 nuntero
1012 3537 1116 3608 allatis
1124 3590 1134 3621 ,
1158 3540 1220 3605 viri
1237 3534 1362 3605 ordinis
1381 3535 1432 3603 sui

327 3661 550 3735 bnatissimi
582 3666 694 3734 cibum
723 3684 907 3760 potumque
932 3662 1073 3734 subinde
1099 3661 1281 3736 sumebant.
1330 3656 1493 3748 otini-19

329 3785 476 3854 mbant
490 3785 701 3853 llraelamanls
721 3785 832 3853 famuli
852 3785 944 3854 cultu
964 3784 1105 3881 eleganti
1121 3781 1303 3878 conspicui,
1321 3781 1432 3847 cuncti

328 3906 469 3989 alama,
482 3900 626 3976 ‘inaures
647 3907 766 4003 politas
792 3930 1035 4003 gemmatasque
1059 3924 1230 4001 gestantes
1266 3902 1492 3970 convivasse.

330 4029 547 4127 bidignitate
577 4052 780 4127 praestantes
805 4031 941 4100 laudare
977 4033 1079 4128 dapes
1113 4049 1181 4098 tum
1208 4027 1328 4106 varias,
1362 4044 1431 4094 tum

299 4237 304 4251 ,
331 4151 495 4228 datiana
548 4158 656 4251 Euge,
681 4159 781 4227 saturi
806 4152 933 4224 sumna!
958 4156 1045 4223 bene
1068 4154 1128 4225 tibi
1153 4147 1209 4219 sit!
1235 4147 1315 4218 tales
1334 4172 1430 4215 voees

331 4272 482 4344 ndiebat
506 4275 702 4368 liagbnidea
754 4278 842 4343 Tum
875 4278 910 4344 in
943 4272 1223 4342 caeremoniarum
1252 4267 1492 4338 intervallisss·

332 4392 552 4463 Brachmanae
578 4395 729 4473 facundi,
752 4395 924 4476 sollertes,
957 4394 1092 4461 crebros
1117 4416 1286 4460 sermones
1310 4390 1354 4457 de
1378 4414 1431 4457 re·

332 4537 401 4585 tam
424 4520 547 4588 caussis
562 4520 791 4601 instituebant,
817 4517 898 4589 alter
918 4516 1058 4589 alterum
1077 4513 1232 4584 vincendi
1251 4510 1366 4610 cupidi
1386 4507 1431 4596 5).

370 4768 537 4845 Mutari
559 4778 698 4834 meretur
720 4770 845 4855 publica
866 4770 942 4834 baec
958 4767 996 4832 de
1018 4788 1124 4832 serua
1140 4775 1249 4830 aetram
1265 4763 1433 4851 dispsstatio
