3609 5817
594 710 682 801 tn.
714 707 748 800 Ι.
786 702 885 801 Cae.
921 705 1134 803 XXXIX.
1339 716 1414 802 tat

698 1162 847 1232 CAPUT
884 1163 1038 1234 XXXIX.

562 1383 873 1476 Sacamntmm
909 1408 1182 1480 eaocasano.

416 1664 599 1748 Camicus,
634 1691 738 1760 quum
770 1667 890 1734 Balenae
928 1665 1092 1735 edocendi
1130 1669 1233 1760 gratia
1264 1666 1426 1762 prolatam
1444 1692 1467 1733 t.

321 1789 407 1856 hanc
435 1813 568 1857 suavem
600 1792 825 1857 narrationem
850 1788 1060 1887 absolvisset,
1092 1790 1191 1857 alium
1217 1791 1328 1859 denuo
1357 1816 1427 1857 aor-

321 1936 454 1979 monem
470 1938 583 1983 coram
602 1912 816 1981 Cncntstltiale
835 1938 929 1983 orsus
949 1932 1007 1980 cst.
1045 1913 1124 1982 Fuit
1144 1912 1241 1995 olim,
1265 1936 1286 1981 o
1309 1911 1427 1981 heroa!
1440 1924 1467 1966 ²·

321 2034 449 2129 inquit,
482 2059 541 2104 rex
567 2033 750 2131 Ayodhyae
777 2034 954 2118 dominus,
987 2036 1127 2131 Saganos
1153 2036 1309 2118 nomine,
1333 2038 1427 2130 pius3

321 2160 371 2239 ia,
402 2157 508 2253 prolis
534 2157 702 2253 cupidus,
743 2157 840 2252 prole
871 2159 1013 2227 carebat.
1065 2158 1188 2252 Sagaro
1211 2161 1331 2228 coniux
1357 2158 1468 2255 pri-3.

320 2284 421 2350 maria
454 2302 524 2353 erat
552 2283 805 2353 Vidarbhorum
837 2285 924 2379 regis
955 2282 1041 2366 iilia,
1077 2283 1210 2352 cesinia
1235 2283 1345 2351 dicta:
1378 2282 1428 2351 ie·

320 2409 408 2474 mina
439 2410 586 2502 piissima
616 2434 654 2475 ac
689 2405 843 2475 veridica.
900 2405 996 2475 ldom
1026 2407 1267 2475 Arishtanimis
1297 2397 1470 2487 notami-

320 2529 424 2598 lorma
461 2557 524 2626 per
560 2533 679 2602 orbem
713 2550 879 2600 terrarum
917 2527 1240 2624 incomparabilem,
1279 2527 1429 2600 sectando
1479 2547 1489 2564 ⁹

320 2652 396 2724 loeo
431 2681 568 2725 uxorem
610 2656 770 2739 duxerat,
819 2681 904 2750 quae
938 2655 1080 2724 Sumatis
1114 2679 1237 2724 nomen
1276 2645 1471 2722 habebat&

321 2778 407 2847 Cum
431 2776 560 2847 duabus
589 2779 681 2846 hisce
714 2778 871 2847 uxoribus
902 2804 1039 2874 magnus
1068 2778 1124 2847 ille
1156 2802 1215 2846 rex
1248 2776 1292 2845 ad
1317 2778 1432 2845 ilinta-

322 2922 451 2971 vantcm
476 2903 636 2972 secedens
644 2956 653 2987 ,
691 2905 727 2971 in
753 2923 882 2987 monto,
916 2903 1006 2972 unde
1030 2903 1170 2998 Bhrigus
1196 2903 1301 2970 amnis
1321 2918 1431 2971 scata-

323 3029 366 3095 rit
391 3026 444 3112 ¹),
478 3027 686 3095 castimoniae
719 3045 922 3095 exercuerat.
972 3022 1131 3107 Deinde,
1168 3043 1301 3092 centum
1335 3010 1471 3093 annis&

323 3150 480 3244 expletis,
506 3153 705 3245 propitiatus
731 3154 932 3221 castimoniis
950 3152 1117 3245 Bhrigus,
1150 3153 1237 3219 inter
1261 3167 1350 3217 vates
1374 3173 1430 3216 ve-

325 3274 449 3352 ridicos
474 3277 643 3357 eminens,
684 3273 807 3368 Sagaro
833 3275 961 3342 bonum
991 3273 1126 3368 largitos
1151 3293 1201 3342 cst
1224 3273 1277 3340 ta
1305 3270 1431 3339 verbis:

327 3395 467 3493 'Amph
499 3396 604 3491 prolis
638 3399 826 3493 impetratio
859 3398 919 3464 tibi
953 3399 1144 3491 contiatget,
1187 3399 1238 3464 vir
1270 3391 1471 3479 innocen?-

323 3561 593 3578 m

450 3662 582 3743 beent,
605 3665 688 3728 unde
706 3666 729 3728 is
748 3665 851 3728 subito
869 3686 904 3727 ex
925 3664 1043 3726 infante
1071 3666 1102 3725 in
1126 3661 1352 3725 adolescentem
1378 3678 1431 3721 ex-

449 3767 566 3842 crevit3
587 3788 680 3849 qnam
702 3768 838 3829 sabotam
858 3776 987 3850 paterae
1002 3766 1118 3828 Tuscae
1140 3760 1363 3847 elegantissime
1383 3760 1432 3823 in.

448 3865 541 3926 citam
562 3867 705 3928 vidimus.

373 3986 405 4057 l)
426 3982 596 4044 Samcrite:
616 3983 943 4065 briga-presentem
968 3980 1128 4065 epitheton
1149 3979 1340 4064 ambignum,
1361 3978 1434 4063 qnia

452 4082 538 4165 prins
559 4082 724 4163 compositi
745 4083 920 4143 membrum
942 4083 988 4143 vel
1010 4081 1205 4164 appellativi,
1233 4080 1280 4142 vel
1302 4077 1435 4141 nominis

453 4181 575 4263 proprii
596 4181 676 4242 vices
699 4183 850 4244 sustinere
877 4190 991 4265 potent.
1034 4182 1129 4244 Prior
1150 4180 1234 4243 ratio
1260 4189 1306 4242 eet
1328 4176 1434 4260 panilo

451 4280 647 4351 antonian
672 4283 980 4364 alteranpraetuli:
1015 4283 1102 4342 facile
1125 4285 1206 4343 enim
1227 4279 1294 4342 lieri
1315 4277 1436 4361 potnit,

453 4390 487 4442 ttt
511 4380 593 4441 rtem
615 4404 724 4441 notnen
747 4377 855 4446 avito
881 4392 988 4442 saneto
1017 4381 1172 4456 traheret,
1204 4380 1258 4465 qui
1286 4398 1435 4440 secoettttn

454 4504 554 4562 propo
579 4482 643 4541 eius
672 4485 787 4544 fontem
811 4482 866 4543 sibi
890 4484 1013 4563 elegisse
1035 4481 1229 4542 tradebatur.
1269 4477 1330 4541 Sed
1350 4479 1435 4543 nullo

453 4581 547 4640 modo
577 4603 611 4641 cs
638 4580 696 4642 hoc
722 4582 873 4642 vocabulo
895 4582 964 4642 elici
987 4590 1104 4661 potest,
1137 4576 1219 4661 qood
1250 4580 1436 4660 interpretes

456 4682 541 4757 tngti
564 4694 794 4762 veprem-runt:
816 4685 848 4743 io
870 4684 970 4743 saisost
987 4681 1094 4741 mem!
1108 4695 1221 4742 samam
1232 4678 1347 4762 Btn'go
1362 4697 1435 4743 cott-

453 4781 554 4859 sttttetl)
581 4782 700 4843 leudicd,
