3609 5817
380 764 459 848 aa
661 751 748 839 aa.
782 746 815 836 1.
853 713 954 838 cu.
986 739 1198 838 xxxvl.
1234 738 1288 851 aaa

377 971 535 1050 decebat,
570 966 681 1063 paullo
709 964 920 1045 remotiores,
946 961 1043 1029 ambo
1070 957 1259 1053 Raglauidae
1284 983 1347 1053 pso
1374 957 1484 1052 digni·

319 1124 363 1167 tt.
378 1114 442 1163 tate
465 1097 605 1187 propius
629 1095 664 1157 ei
685 1088 884 1155 assidentes.
935 1090 1025 1153 Tum
1049 1086 1183 1165 Rimas,
1214 1084 1335 1178 gaudio
1361 1082 1483 1166 elatus,

377 1218 420 1284 ad
441 1219 670 1285 Visa-amioum
697 1239 731 1281 se
756 1230 968 1292 convertens,
998 1211 1060 1279 Vir
1085 1226 1215 1289 sancte,
1242 1209 1369 1301 inquit,
1394 1207 1486 1276 Gan·

320 1371 364 1413 sa.
379 1368 448 1436 gae,
474 1340 640 1433 nymphae
661 1338 824 1414 Taavsae,
851 1334 1013 1426 originem
1039 1329 1168 1397 discere
1195 1330 1304 1422 cupio.
1354 1328 1486 1397 Excita-

382 1485 432 1531 tus
455 1464 573 1529 Raimac
600 1462 709 1528 verbis
733 1484 870 1550 magnus
897 1456 1210 1523 satesVissalmitras
1226 1451 1360 1545 Gangas
1386 1451 1487 1544 gene-

380 1590 541 1655 rationem
566 1603 599 1651 et
623 1587 864 1651 incrementum
889 1604 1025 1647 narrare
1048 1576 1185 1647 orditur.

321 1717 367 1778 si.
479 1709 644 1775 Montium
669 1708 829 1799 princeps
855 1719 920 1785 est,
946 1702 1071 1793 inquit,
1097 1700 1155 1792 qui
1174 1697 1295 1765 dicitur
1310 1698 1488 1764 Himeram-

381 1853 446 1913 tes,
479 1834 596 1925 iugens
626 1826 836 1894 metallorum
866 1821 1059 1918 penetral03
1098 1821 1177 1886 huic
1210 1836 1324 1883 natum
1352 1836 1404 1885 est
1426 1843 1488 1912 par

382 1953 594 2048 puellarum,
626 1952 731 2018 sorana
768 1973 832 2041 per
869 1949 985 2014 orbem
1024 1963 1185 2011 terrarum
1215 1942 1486 2041 incomparabile.

322 2077 366 2158 tls·
382 2081 529 2161 Quarum
555 2099 641 2169 quae
666 2091 771 2139 mater
799 2072 970 2137 ambarum
997 2070 1139 2149 exstitit,
1171 2067 1286 2133 llldrus
1312 2085 1384 2134 crat
1403 2066 1488 2147 fitia,

382 2202 477 2267 tereti
501 2198 602 2264 latere
629 2196 764 2275 decora,
789 2194 925 2260 nominc
950 2194 1066 2258 Mena:
1092 2209 1228 2258 venusta
1252 2214 1330 2257 sane
1355 2188 1488 2271 lemine,

282 2329 284 2334 ’
323 2335 366 2395 15.
382 2349 465 2391 usos·
488 2322 689 2389 llimavantis
721 2317 853 2384 dilecta.
909 2318 956 2382 Ea
983 2334 1081 2409 partu
1111 2312 1218 2381 edidit
1246 2314 1374 2380 hancce
1399 2310 1490 2379 Gan·

381 2469 478 2538 gam,
516 2440 616 2507 liliam
642 2440 843 2506 llimasantis
874 2456 955 2503 natu
990 2439 1168 2521 maiorem,
1206 2435 1308 2503 altera
1340 2434 1490 2505 eiusdem

268 2567 273 2575 ’
324 2576 367 2639 16.
382 2587 456 2634 nata
474 2565 640 2660 appellata
663 2582 712 2629 est
729 2563 823 2628 Uma.
873 2563 990 2627 Postea
1010 2559 1131 2652 Superi
1157 2582 1282 2641 umnec,
1307 2559 1490 2628 officiorum

383 2690 572 2756 divinorum
603 2687 758 2767 studiosi,
795 2684 942 2778 puellam
980 2702 1058 2750 natu
1090 2686 1249 2751 maiorem
1279 2709 1298 2750 a
1328 2685 1491 2751 montium

383 2811 537 2905 principe
563 2811 596 2874 in
624 2812 871 2876 matrimonium
894 2810 1081 2900 petierunt,
1112 2806 1280 2900 Gangem,
1309 2808 1493 2903 nympham

327 2933 541 3023 17.Trisiam.
587 2931 814 3012 Himasantcs,
839 2933 961 3023 pictate
986 2950 1111 3013 motus,
1136 2930 1305 3024 triplicem
1329 2928 1493 2998 mundum

384 3057 495 3121 iuvare
531 3055 669 3147 cupiens
683 3102 694 3134 ,
731 3051 869 3120 tradidit
896 3056 936 3120 iis
971 3054 1092 3136 saliam,
1127 3055 1219 3121 orbis
1252 3053 1492 3135 lustrstricem,

327 3177 534 3272 18.Gangam
567 3195 687 3269 sponte
718 3201 776 3242 sua
808 3173 1047 3270 vagabundam.
1097 3179 1193 3259 Diti,
1231 3194 1323 3270 grate
1356 3195 1493 3272 accepts

383 3300 499 3394 Ganga
521 3299 661 3394 triplicis
685 3297 802 3365 mundi
827 3302 973 3368 tramites
997 3317 1207 3393 permeante,
1232 3301 1268 3367 in
1293 3298 1392 3368 sedes
1412 3319 1502 3370 m

325 3448 369 3511 ¹9·
383 3420 573 3505 redierunt,
599 3424 761 3490 exanimi
784 3423 947 3489 sententia
969 3439 1159 3514 optatorum
1181 3439 1363 3515 compotes.
1397 3424 1490 3508 Quae

383 3564 490 3613 autem
519 3543 668 3612 seeundo
693 3544 770 3615 loco
796 3547 907 3638 genita
931 3564 1003 3613 erat
1026 3545 1147 3611 montis
1173 3523 1251 3626 lilia,
1275 3570 1330 3626 ea,
1352 3545 1492 3613 austeris

383 3666 601 3758 religionibus
639 3664 796 3750 addicta,
843 3669 1051 3736 castimonias
1084 3669 1233 3736 exercuit
1271 3685 1358 3735 casta
1388 3670 1492 3762 virgo.

323 3790 478 3856 roflano
504 3790 604 3855 filiam
631 3814 723 3856 suam
748 3792 972 3858 severissimae
1006 3793 1185 3858 sanctitatis
1211 3816 1309 3860 mons
1341 3791 1492 3860 excelsus

384 3930 525 4004 nuptum
552 3910 647 3977 dedit
670 3911 784 3980 Rudro
810 3911 941 3999 (Sivae)
966 3914 1240 4009 incomparabili,
1265 3916 1404 3997 umam,
1429 3942 1493 4012 per

322 4055 370 4095 21·
384 4034 500 4100 orbem
523 4036 712 4103 universum
736 4034 915 4104 adoratam.
961 4036 1062 4105 Tales
1087 4039 1282 4106 exstiterunt
1305 4039 1404 4104 binae
1430 4039 1493 4106 hae

383 4158 544 4223 montium
559 4159 645 4250 regis
660 4176 775 4226 natae:
799 4157 931 4253 Ganga,
957 4159 1180 4256 nympharum
1196 4160 1375 4228 fluvialium
1393 4186 1494 4254 prae·

320 4279 594 4362 instantissima,
621 4300 691 4348 tum
716 4305 794 4349 vcro
814 4281 901 4348 Uma
927 4284 1015 4349 inter
1037 4281 1115 4349 deas
1141 4285 1302 4352 eminens.
1351 4281 1413 4352 llla
1438 4307 1494 4350 en·

381 4399 459 4469 dem
482 4405 584 4496 igitur
605 4405 768 4471 montium
794 4406 957 4497 principis
982 4403 1068 4486 filia,
1101 4406 1192 4476 llnsii
1218 4405 1371 4474 coelestis
1393 4430 1493 4499 prae·

379 4501 451 4606 scs,
484 4524 525 4590 ad
552 4526 700 4620 Superos
731 4526 901 4609 ascendit,
934 4528 976 4595 sb
1010 4529 1102 4595 omni
1134 4527 1211 4598 labe
1243 4555 1350 4623 pura,
1389 4554 1491 4623 aquas

380 4668 532 4713 amoenas
556 4645 774 4739 profundens.
