3609 5817
636 714 785 801 Aecus
818 734 1079 801 otarnacros.
1323 714 1402 797 lot

308 924 490 1020 erigendo,
517 928 705 1010 tractando,
737 929 789 997 vel
815 928 964 1024 <lenique
987 923 1208 998 concutiendo
1230 943 1263 992 et
1287 922 1413 993 libran-
1460 953 1467 967 ·

309 1050 377 1117 do?
429 1050 488 1118 llle
515 1051 605 1118 idem
629 1078 724 1120 meua
746 1050 1015 1148 incomparabilia
1038 1050 1194 1118 advectus
1220 1067 1280 1130 eat,
1303 1068 1470 1118 ratomtt.

309 1176 484 1266 princeps:
522 1174 694 1242 visendum
725 1176 843 1243 exhibe
878 1176 970 1243 hisce
1003 1175 1101 1270 regiis
1137 1171 1412 1241 adolescentibus.

309 1298 448 1365 Sanctus
473 1298 704 1384 Viavimitras,
732 1297 842 1366 audita
867 1297 981 1367 lanaci
1005 1298 1175 1377 oratione,
1203 1293 1247 1363 ad
1270 1295 1412 1389 lingbui·
1427 1327 1471 1368 aa.

310 1419 387 1485 dem
411 1442 607 1499 conversus,
639 1422 688 1486 Mi
713 1420 814 1488 filiole
839 1421 959 1501 Rima,
983 1423 1109 1514 inquit,
1135 1421 1264 1512 inspice
1288 1443 1411 1487 arcum.

310 1544 423 1635 Magni
448 1545 528 1611 vatis
558 1544 684 1610 monitu
711 1543 825 1609 Rimas
852 1541 1050 1637 operculum
1072 1565 1189 1621 arcae,
1212 1541 1246 1605 in
1272 1565 1337 1633 qua
1363 1541 1473 1611 ira-ti.

311 1665 420 1731 elusus
451 1683 520 1732 erat
545 1689 658 1745 arcus,
691 1667 828 1756 retegit,
859 1683 1106 1758 conspectoque
1141 1688 1219 1730 arcu
1244 1662 1412 1756 prosator:

310 1791 412 1855 Manu
437 1814 509 1855 mea
533 1790 688 1879 contingo
711 1812 824 1854 areum
849 1787 977 1854 huncce
1000 1783 1227 1865 excellentem,
1254 1784 1413 1865 divinum,
1427 1795 1472 1874 ¹4·

311 1932 344 1979 et
369 1909 520 1979 conando
557 1912 735 2003 experiar,
769 1928 877 1976 nuum
903 1909 1026 1976 librare
1058 1909 1110 1975 vel
1142 1912 1239 1976 etiam
1273 1907 1413 1975 tendere

309 2035 445 2127 poesim.
514 2031 623 2127 Euge!
660 2031 851 2100 acclamavit
883 2034 914 2098 ei
945 2057 1031 2113 rex,
1069 2032 1265 2100 anachoreta
1298 2045 1472 2112 roceum&

310 2156 559 2249 comprobante.
618 2158 717 2225 Tune
747 2156 804 2225 ille
828 2159 909 2224 a'atis
933 2158 1061 2223 monitu
1083 2180 1197 2222 areum
1222 2153 1287 2222 levi
1312 2178 1414 2247 opera

309 2277 458 2345 medium
480 2277 678 2372 prehendit,
703 2277 828 2345 deinde
853 2277 965 2346 mulus
983 2278 1153 2345 hominum
1169 2276 1317 2344 millibus
1337 2285 1471 2369 ape-16.

310 2403 474 2469 cuntibus
511 2403 587 2495 piua
620 2402 807 2495 Raghuides
844 2398 990 2469 eundem
1023 2402 1117 2495 quasi
1145 2397 1264 2467 ludens
1301 2399 1414 2466 erexit.

310 2529 383 2609 Quo
409 2542 521 2591 erecto
547 2524 690 2619 inclytus
722 2526 821 2593 heros
851 2524 1049 2592 fortissimus
1075 2546 1213 2590 nervum
1237 2523 1283 2590 ita
1305 2524 1472 2618 iuteo-17.

310 2649 379 2728 dit,
406 2668 442 2717 ut
466 2674 581 2717 areum
605 2651 641 2715 in
663 2648 775 2717 medio
801 2648 1035 2742 confringeret.
1074 2645 1157 2715 Inde
1182 2649 1300 2743 ingene
1324 2644 1472 2715 elan-afl-

307 2798 368 2863 gor
400 2774 543 2854 exstitit,
579 2769 749 2865 procellae
781 2773 883 2839 instar
918 2773 1098 2852 insonans,
1136 2794 1174 2838 ac
1202 2769 1416 2837 vehementer

308 2896 508 2961 contremuit
533 2892 650 2975 tellus,
678 2893 778 2961 veluti
806 2914 920 2961 monte
947 2893 1117 2988 disrupto,
1151 2917 1334 2987 omnesque
1357 2894 1474 2987 quito

308 3016 446 3083 aderant
470 3017 621 3083 homines
647 3040 822 3096 corruere,
857 3015 1013 3109 clangore
1043 3020 1105 3085 isto
1138 3019 1287 3095 attoniti,
1324 3035 1416 3098 tato,

308 3166 386 3231 rege
418 3158 451 3205 et
483 3139 644 3205 ambobus
668 3140 846 3231 Regituidis
878 3143 1036 3231 exceptis.
1098 3143 1209 3223 Quum
1239 3138 1476 3207 multitudoao.

310 3268 369 3327 ista
395 3265 540 3328 animum
572 3282 819 3355 recuperasset,
845 3288 903 3329 rex
930 3290 948 3327 e
974 3282 1100 3329 terrore
1132 3281 1322 3340 recreatus,
1348 3286 1417 3328 sea·-

308 3412 444 3451 tuonuua
478 3411 621 3476 gnarus,
664 3383 890 3451 venerabundi
936 3385 1049 3451 ltnbitu
1086 3400 1193 3449 ratum
1228 3384 1416 3475 principem

309 3508 428 3574 talibus
461 3507 658 3600 alloquitur:
701 3509 762 3572 t'ir
792 3506 999 3587 conterende,
1033 3506 1148 3572 Muros
1181 3503 1472 3573 Dasarathitlcaaa.

309 3634 461 3696 uirtutem
491 3656 582 3696 snum
608 3632 688 3697 mihi
714 3628 929 3722 spectandam
955 3630 1121 3711 exhibuit,
1156 3648 1205 3694 est
1231 3628 1295 3694 ltoc
1317 3630 1416 3695 mira?

309 3754 396 3833 bile,
433 3758 483 3820 tic
508 3754 688 3830 credibile,
722 3754 819 3846 ‹puale
847 3781 888 3821 ne
920 3752 1137 3821 coniectando
1165 3750 1300 3844 quide-tn
1327 3778 1415 3819 aare·

308 3881 366 3968 qui
400 3898 557 3969 poteram.
617 3877 699 3943 lilia
725 3904 795 3943 ntea
822 3877 892 3945 Stia
922 3878 1119 3944 Jnnacorum
1152 3879 1246 3968 stirpi
1277 3875 1476 3966 gloriatum·

309 4001 533 4090 comparabit,
560 4002 734 4092 coniugem
760 4020 854 4067 nacta
879 4001 1012 4067 Raimam
1038 3999 1311 4081 Dasaratltideu13
1345 4020 1415 4068 tum

308 4123 494 4191 exsultetur
520 4122 603 4189 lidos
630 4150 647 4188 a
674 4149 726 4189 me
752 4122 848 4202 data,
870 4123 1045 4200 Coaicide,
1072 4148 1144 4188 cam
1171 4126 1296 4191 sinuata
1318 4131 1472 4217 prae-23.

307 4249 410 4311 aenium
434 4248 513 4314 fore.
575 4249 658 4315 Filia
682 4274 754 4315 mea
781 4248 867 4326 Sta,
902 4249 966 4314 sita
990 4250 1061 4340 ipsa
1088 4247 1169 4313 mihi
1195 4250 1320 4328 carior,
1353 4247 1415 4315 Rt-

308 4397 380 4435 auae
407 4391 546 4464 aanptutn
573 4369 682 4436 ‹lattala
708 4390 765 4437 est.
826 4370 862 4436 Si
888 4369 948 4435 tibi
975 4370 1019 4433 ita
1044 4367 1174 4458 placet,
1212 4366 1472 4449 Brachmanai.

309 4494 513 4565 vetuerande.
540 4518 639 4584 quern
665 4489 790 4560 salvere
816 4493 937 4566 iubeo,
975 4491 1115 4555 ministri
1141 4490 1207 4556 mci
1232 4492 1339 4557 atatim
1365 4489 1414 4559 le·

309 4618 465 4682 stimma-s
498 4617 651 4680 citraibua
687 4612 728 4679 ad
755 4611 952 4706 Aptdbpam
980 4612 1255 4704 proficiscantur,
1283 4617 1474 4705 regom-²5·
1511 4660 1516 4677 .

310 4764 374 4827 que
402 4740 510 4805 serbis
535 4737 692 4806 modestia
725 4735 766 4803 ad
793 4736 911 4801 uallem
935 4759 1041 4801 meam
1067 4737 1223 4816 insultent,
1256 4755 1289 4805 ct
1313 4760 1412 4806 accat·
