3609 5817
461 714 751 805 Bastetanae
778 733 977 801 erutorum
1005 731 1196 801 uomitu.
1341 712 1427 839 ⁹2¹⁷

327 928 472 1022 hospitio
512 929 618 994 virum
653 927 834 993 honoribus
874 924 1030 1021 dignum
1044 923 1224 991 honoravit.
1281 920 1467 1008 Deiudcfj·

325 1070 505 1146 postquam
537 1068 670 1117 noctem
698 1051 883 1143 proximam
920 1072 995 1117 cum
1031 1045 1106 1114 liliis
1135 1047 1239 1141 quieti
1277 1044 1429 1128 dederat,

326 1196 396 1253 rex,
421 1171 597 1241 Vesishtha
623 1173 809 1263 ceterisque
833 1171 960 1238 vatibus
984 1188 1059 1237 aute
1083 1194 1119 1237 sc
1144 1169 1323 1251 collocetis,
1346 1166 1430 1235 adiit

325 1321 437 1363 neam
460 1294 686 1366 sacrificalem.
735 1296 880 1362 Instante
911 1295 1010 1376 hora,
1041 1318 1126 1388 quae
1156 1291 1343 1361 eVictoria
1368 1304 1467 1370 κιο-8.

325 1442 403 1485 meu
428 1418 538 1499 habet,
564 1419 697 1497 Rimas,
731 1436 808 1511 post
832 1436 906 1486 vota
930 1414 1128 1512 presumtio
1150 1419 1274 1509 nuptiis
1299 1440 1430 1483 nuncu-

325 1561 412 1635 pets,
437 1539 481 1609 ad
504 1559 633 1634 patrem
657 1564 766 1636 prope
788 1540 951 1608 accedeus
966 1539 1061 1608 lateri
1083 1541 1153 1607 eius
1174 1538 1308 1608 adstitit.
1339 1540 1468 1635 Tum9.

325 1684 455 1735 sauctus
486 1663 683 1738 Vesishthss
714 1687 908 1758 progressus
940 1661 1154 1731 Videbanum
1191 1660 1310 1729 talibus
1344 1659 1429 1729 allo-

325 1790 451 1881 quitur:
486 1789 554 1854 lter
580 1788 776 1854 Dasarutlrss
802 1812 877 1854 cum
899 1785 993 1870 liliis,
1027 1805 1103 1880 post
1132 1803 1206 1852 vota
1230 1809 1293 1879 pro
1316 1783 1487 1860 faustino.

325 1911 449 2003 nuptiis
470 1928 670 2004 nuncupata,
694 1928 736 1991 te,
762 1912 886 2004 optime
907 1884 1076 2003 princeps,
1102 1906 1250 1974 datorem
1266 1905 1428 2000 deposcit.

323 2035 451 2103 Omnes
483 2037 654 2128 pactiones
689 2060 707 2100 e
738 2033 862 2102 datoris
888 2053 922 2102 et
954 2033 1138 2126 acceptoris
1173 2029 1311 2097 arbitrio
1342 2042 1485 2121 peu-¹¹·

325 2155 423 2241 deut3
454 2174 523 2225 tute
549 2182 629 2252 ergo
652 2158 795 2226 officium
820 2155 934 2251 exple,
960 2155 1119 2250 nuptieliu
1138 2156 1201 2222 rite
1225 2150 1426 2249 peragendo.

324 2278 607 2350 Generosissimus
640 2281 797 2362 Jeuacus,
836 2278 948 2374 legum
984 2283 1092 2376 probe
1129 2302 1266 2374 gnarus,
1308 2300 1329 2342 a
1359 2276 1487 2342 Va·¹²·

324 2402 450 2470 aishtha
482 2407 691 2497 magnanimo
723 2405 768 2471 ita
802 2402 1037 2498 compellatus,
1074 2404 1157 2471 haee
1187 2400 1307 2470 refert:
1345 2402 1427 2485 Quis

324 2528 444 2594 ianitor
464 2526 592 2596 loribus
611 2529 693 2595 meis
715 2527 842 2596 adstat?
864 2530 1034 2595 cuiusnam
1055 2529 1142 2595 iussa
1164 2541 1334 2619 exspectat
1348 2522 1427 2591 ille?
1441 2520 1489 2588 ¹5.

325 2673 486 2741 quaenam
513 2668 562 2716 est
576 2648 737 2717 dubitatio
762 2651 955 2744 inproprie
979 2647 1102 2716 domo?
1127 2646 1302 2743 Siquidem
1323 2646 1429 2713 hoece

323 2793 463 2859 reguum
489 2789 581 2836 tuum
607 2790 664 2838 est.
715 2773 863 2856 Quatuor
887 2769 1019 2864 puellae
1042 2796 1145 2852 meae,
1166 2792 1244 2865 post
1267 2790 1341 2843 vota
1365 2770 1491 2866 proti·

323 2890 435 2960 inustis
468 2897 592 2987 nuptiis
626 2915 833 2990 nuncupata,
869 2921 979 2965 areum
1007 2896 1225 2966 sacrificalem
1249 2896 1314 2962 iam
1339 2893 1432 2963 adie-

323 3032 411 3095 runt,
433 3012 580 3083 lucentes
603 3034 759 3111 tanquam
781 3019 865 3110 iguis
889 3017 1061 3085 scintillae.
1111 3017 1277 3111 Equidem
1302 3015 1491 3087 dudumti.

324 3155 356 3203 te
383 3157 551 3230 exspecto,
577 3137 621 3205 ad
646 3140 712 3206 hoe
736 3138 838 3205 altere
864 3140 1068 3207 constitutus.
1118 3140 1247 3206 Cuncta
1272 3142 1342 3206 sine
1368 3142 1431 3207 im·

324 3259 517 3352 [sedimento
543 3280 756 3356 peragentur:
784 3286 885 3355 quam
910 3262 954 3328 ob
980 3284 1126 3329 nussam
1151 3259 1292 3354 amplius
1317 3259 1430 3328 dill'cr-

323 3382 400 3450 tur?
432 3381 554 3451 Audita
588 3386 650 3453 liae
682 3388 831 3452 oratione
858 3411 876 3451 ι
902 3386 1025 3451 Jauaco
1050 3381 1196 3479 prolate,
1233 3375 1489 3453 Dmnthutss.

323 3502 401 3570 ilico
427 3503 513 3573 tilios
544 3531 620 3574 suos
652 3526 820 3602 totamque
845 3505 1039 3600 Sapieutum
1072 3506 1243 3575 cohortem
1268 3504 1429 3601 progredi

323 3628 426 3696 iussit.
477 3628 608 3695 Deinde
626 3630 836 3699 Videlsorum
859 3654 918 3697 rex
943 3628 987 3698 ad
1004 3629 1214 3699 Vuishthsm
1240 3655 1428 3711 conversus,
1442 3647 1488 3715 ¹7·

324 3752 452 3820 Curare
478 3754 577 3834 velis,
614 3757 740 3849 inquit,
770 3758 821 3825 vir
845 3755 1051 3839 venerande,
1083 3779 1216 3823 omnem
1242 3757 1342 3824 ritum
1365 3780 1429 3822 uu·

324 3875 459 3966 ptialem
486 3878 722 3971 peragendum.
781 3879 881 3963 Quod
907 3904 1011 3975 quum
1044 3882 1075 3947 ei
1106 3881 1275 3949 munisset
1296 3875 1489 3949 unumst&

323 4018 411 4065 vates
437 4001 639 4083 Vasislrthas,
661 4005 839 4072 comitante
860 4006 1056 4073 Visvtmiua
1077 4004 1203 4097 pioque
1228 3999 1427 4082 Setiusudo,

323 4143 413 4184 aram
439 4122 473 4186 iu
498 4121 609 4190 medio
634 4123 724 4205 soro,
756 4124 893 4194 lacubus
918 4128 1097 4207 instructo,
1122 4124 1306 4194 secuudum
1332 4150 1429 4219 prae-
1442 4143 1492 4209 19.

324 4264 420 4336 cepta
446 4270 537 4312 sacru
562 4266 757 4316 exstructam
775 4249 922 4343 undique
948 4249 1107 4318 odoribus
1125 4251 1331 4345 floribusque
1349 4273 1431 4318 cors·

326 4363 511 4450 decorarit3
547 4370 652 4436 aureis
679 4369 896 4463 cupedinibus
931 4394 1082 4465 quoquc,
1120 4376 1228 4442 urceis
1253 4372 1490 4468 personum.

327 4514 401 4552 erran
428 4490 635 4558 surculorum
659 4494 810 4574 cttmtrlls,
835 4496 958 4560 acerris
980 4512 1051 4559 ture
1075 4495 1215 4574 refertis,
1241 4498 1324 4565 usia
1346 4523 1429 4566 cott-

326 4619 435 4686 elteis.
469 4616 577 4707 ligulis
603 4615 736 4708 ligneis,
769 4619 891 4710 peteris
918 4616 1007 4683 dona
1032 4616 1206 4713 hospitulia
1236 4624 1489 4691 succussati-²¹·

326 4740 400 4818 bus,
427 4765 489 4808 occ
515 4765 582 4809 uou
607 4743 689 4809 susis
714 4766 831 4837 oryzae
856 4760 958 4811 tostae
975 4739 1094 4835 plenis,
1120 4768 1197 4813 cum
1220 4746 1431 4842 granisque·
