3609 5817
457 700 542 781 286
803 697 893 786 Lu.
926 696 987 787 Il.
1016 695 1117 790 Car.
1148 695 1210 788 ΙΙ.

459 937 534 992 rex,
559 914 651 1005 quasi
674 915 844 1006 ignorans,
871 916 953 1010 quid
988 915 1052 983 illis
1077 916 1298 1010 gratissimum
1323 914 1424 994 locet,
1448 933 1483 982 et
1506 939 1563 984 co-

326 1101 331 1116 ,
396 1053 444 1101 αι.
459 1033 643 1126 gnosccudi
670 1034 822 1128 cupidus,
848 1038 924 1104 talia
948 1037 1247 1106 1·csc1·t:Audienti
1273 1053 1417 1104 vesu-am
1442 1037 1564 1104 oratio-

458 1179 544 1236 ncm,
566 1154 660 1248 quod
680 1155 887 1250 Raghuidem
908 1185 927 1224 a
951 1184 1005 1226 me
1019 1157 1209 1252 principem
1223 1159 1388 1251 expetitis,
1409 1183 1431 1228 o
1454 1185 1564 1254 reges,

458 1277 592 1345 suborta
618 1279 699 1346 mihi
736 1301 786 1348 cst
819 1280 980 1350 dubitatio
1000 1283 1102 1364 haec,
1132 1306 1234 1376 quam
1266 1307 1307 1348 cr
1340 1305 1420 1350 vero
1445 1281 1563 1352 tollere

395 1399 584 1470 23.solitis:
615 1402 784 1495 quomodo
818 1403 952 1472 tandem
978 1407 1032 1487 fit,
1067 1429 1122 1473 me
1148 1405 1269 1474 orbem
1294 1424 1460 1474 terrarum
1482 1405 1565 1502 legi-

458 1526 537 1590 timo
563 1544 720 1619 regente,
754 1546 792 1595 ut
819 1547 932 1596 natum
965 1555 1080 1598 mcum
1112 1554 1251 1598 cernere
1285 1529 1426 1623 cupiatis
1449 1553 1564 1622 regem

395 1648 446 1732 al.
459 1647 670 1738 cooptatum?
720 1650 810 1716 Tum
834 1652 1032 1744 magnanimi
1056 1650 1106 1718 illi
1130 1649 1387 1736 (Braclmranae
1411 1667 1447 1718 et
1472 1649 1565 1720 ordi·

459 1774 513 1835 nis
538 1769 696 1838 militaris
719 1775 799 1855 viri)
823 1798 890 1843 uno
917 1799 977 1842 ore
1013 1801 1088 1841 cum
1114 1776 1240 1843 ciuibus
1263 1774 1464 1868 rusticisque
1490 1797 1565 1840 eum

457 1896 505 1963 sic
531 1895 638 1962 affui:
663 1895 790 1964 Multae
817 1915 903 1978 sunt,
930 1923 949 1965 o
975 1924 1047 1980 rex,
1077 1924 1115 1965 ae
1139 1894 1320 1990 singulares
1345 1895 1483 1964 virtutes
1506 1895 1566 1962 lilii

393 2016 442 2082 25.
457 2022 513 2087 tui.
565 2020 694 2087 luvcnis
722 2019 832 2088 divina
853 2020 979 2103 indole,
1000 2019 1130 2103 sollers,
1156 2022 1356 2114 quibusnam
1378 2019 1564 2100 virtutihus,

456 2143 555 2236 gratis
581 2167 642 2210 uos
666 2141 829 2224 delectet,
855 2143 891 2210 id
912 2123 1105 2236 plenissime
1130 2145 1196 2209 iarn
1221 2140 1485 2210 declarabimus:
1506 2165 1564 2210 aa·

392 2266 442 2332 2⁶.
456 2265 599 2333 scultare
632 2283 667 2332 tu
703 2263 794 2333 velis.
851 2269 927 2334 Non
960 2283 1065 2333 exstat
1096 2263 1182 2332 ullus
1214 2266 1250 2330 in
1283 2265 1368 2332 orbe
1401 2283 1565 2332 terrenam

455 2387 567 2466 homo,
590 2388 648 2481 qui
673 2388 793 2454 Ramae
819 2384 898 2468 lide,
920 2387 1050 2469 iustitia,
1081 2385 1186 2480 gloria
1211 2386 1369 2479 omnique
1392 2401 1566 2480 praestan-

393 2514 499 2599 23.tiu
520 2513 730 2605 aequiparari
757 2514 878 2605 possit,
904 2510 1028 2579 nedum
1054 2513 1210 2606 quicum
1234 2525 1383 2604 superet.
1437 2508 1565 2602 Legum

455 2662 575 2728 gnarus
602 2656 661 2718 cst,
687 2655 774 2703 stans
800 2637 983 2729 promissis,
1008 2636 1186 2716 honestus,
1209 2635 1384 2726 benignus,
1408 2649 1480 2698 tum
1504 2629 1567 2696 mi·

454 2761 506 2838 tis,
534 2775 600 2822 tum
617 2759 781 2850 propositi
799 2775 909 2839 tenax,
934 2761 1024 2825 bene
1049 2759 1210 2827 sactorum
1224 2779 1365 2836 memor,
1391 2753 1563 2822 affectuum

392 2881 443 2947 28.
456 2903 592 2945 satorum
608 2880 788 2963 coiircitor3
813 2880 922 2947 cultor
935 2883 1175 2948 Braclrmanurn
1188 2877 1454 2974 grandaevorum
1469 2875 1564 2942 libris

455 3005 556 3070 sacris
585 3002 807 3071 eruditorum:
841 3005 931 3073 unde
957 3006 1226 3100 incomparabilis
1256 3005 1286 3071 ei
1311 3002 1392 3082 laus,
1417 2999 1502 3068 lama
1525 3022 1564 3065 ae

392 3143 442 3205 ²9·
455 3121 617 3216 splendor
641 3127 809 3194 accrescit
844 3128 990 3195 Invictus
1002 3125 1061 3194 illo
1076 3129 1110 3191 in
1124 3125 1261 3220 procliis
1275 3142 1390 3192 contra
1403 3119 1564 3216 Superos,

453 3249 588 3315 Titanas
603 3247 832 3341 hominesque,
846 3251 937 3316 omui
956 3249 1098 3315 telorum
1112 3272 1244 3342 genere,
1259 3249 1381 3342 quihus
1397 3263 1469 3314 tum
1484 3267 1563 3314 eoe-

451 3367 537 3447 litcs,
562 3387 631 3437 tum
656 3369 813 3437 mortales
846 3371 893 3437 uti
924 3388 1185 3450 consueverunt,
1210 3367 1384 3436 tractando
1420 3364 1562 3436 excellit.

391 3491 439 3555 50.
453 3490 593 3576 Quaando
617 3490 659 3558 ad
676 3490 807 3558 bollum
827 3493 1060 3586 proficiscitur,
1077 3511 1133 3560 aut
1144 3493 1222 3586 pagi
1245 3509 1301 3558 aut
1319 3487 1439 3584 oppidi
1462 3513 1563 3558 oceu-

452 3614 555 3707 pandi
573 3639 695 3695 caussa,
709 3613 890 3682 Sumiuide
910 3617 1095 3694 comitante,
1112 3637 1283 3708 nunquam
1297 3611 1477 3680 revertitur
1499 3607 1562 3676 nisi

390 3745 530 3830 31.post
546 3738 716 3805 uictoriam
727 3753 943 3831 reportatam.
966 3734 1098 3803 Deinde
1110 3761 1129 3803 a
1141 3735 1231 3805 bello
1249 3732 1358 3802 redux
1380 3729 1561 3828 elephanto

453 3861 506 3929 vel
533 3887 633 3929 curru
655 3879 792 3944 vectus,
824 3861 914 3928 cives
944 3880 1100 3954 tanquam
1135 3877 1293 3954 cognatos
1325 3879 1402 3924 suos
1427 3877 1563 3948 semper

391 3981 570 4054 Sascdulo
596 3985 789 4074 interrogat,
816 4009 895 4050 num
918 3981 998 4050 salvi
1023 3983 1089 4048 sint
1113 3983 1189 4076 ipsi,
1215 3999 1285 4050 tum
1310 3981 1401 4048 circa
1421 3977 1562 4060 liberos,

453 4107 577 4198 ignium
605 4130 774 4174 sacrorum
800 4104 935 4185 cultura,
962 4107 1131 4200 coniuges,
1156 4101 1355 4172 famulorum
1378 4099 1563 4198 discipulo·

453 4255 593 4322 ruinaque
619 4253 752 4322 greges:
787 4228 957 4322 quomodo
990 4254 1026 4296 sc
1059 4229 1203 4295 habeant
1235 4228 1272 4295 in
1300 4227 1491 4294 universum
1523 4249 1562 4292 ac

392 4353 439 4418 53.
453 4350 649 4445 singulatim,
675 4351 770 4417 sicuti
797 4369 892 4442 patcr
919 4376 996 4444 erga
1012 4349 1097 4418 lilios
1112 4348 1276 4417 naturales
1303 4349 1474 4416 animatus.
1497 4345 1563 4414 Ca-

453 4473 649 4542 lauritutilaus
676 4473 819 4567 puhlicis
853 4475 1069 4541 veliementer·
1101 4475 1127 4539 is
1153 4472 1264 4555 dolet,
1299 4491 1335 4540 ct
1359 4469 1487 4538 cunctis
1513 4467 1564 4534 lc-

393 4596 509 4676 iuistis
536 4595 653 4663 dicbus
680 4615 836 4690 atraquuur
864 4622 987 4690 parcus
1015 4596 1130 4689 populi
1164 4593 1358 4662 delectatur.
1410 4591 1564 4660 Dilecms

419 4713 422 4720 ¹
454 4713 510 4781 illc.
536 4743 618 4808 pucr·
637 4721 738 4788 liaustu
754 4741 842 4790 sorte
870 4751 885 4786 a
910 4720 1149 4816 tulinglutidc.
1176 4739 1225 4788 cst
1243 4736 1433 4812 generatus,
1459 4717 1563 4784 [utute
