3609 5817
537 719 825 809 Dasananran
852 743 1098 810 emacem.
1279 728 1365 814 239

1404 873 1420 911 s

256 939 427 1007 destinato.
456 935 635 1003 Bellatores
657 936 763 1028 longis
790 937 925 1003 ensibus
946 938 1056 1016 cincti,
1082 938 1223 1031 tegmina
1238 960 1364 1007 scortea
1382 968 1426 1029 ¹9·

256 1066 290 1128 in
314 1062 452 1127 brachio
479 1059 573 1126 laevo
596 1077 779 1152 gestantes,
810 1061 910 1124 aruuis
935 1060 1097 1137 instructi,
1122 1081 1211 1129 veste
1238 1064 1366 1131 nitente

254 1184 374 1266 induti,
399 1184 432 1248 iu
458 1180 767 1275 splendidissimum
782 1183 893 1275 magni
918 1184 1006 1275 regis
1031 1184 1151 1251 atrium
1174 1185 1366 1280 ingredian-

257 1329 320 1378 tur.
371 1308 528 1375 Huncin
553 1306 692 1376 modum
717 1305 784 1374 dull
807 1309 861 1374 isti
892 1331 1063 1374 sacrorum
1094 1310 1254 1378 antistites
1275 1313 1367 1396 (Va-
1378 1335 1429 1380 ao.

257 1431 406 1501 sislstltas
431 1448 466 1497 st
482 1433 520 1502 V
515 1427 716 1512 Amadum)
739 1432 827 1497 iussa
850 1428 936 1497 ess'ati
961 1430 1120 1512 ministris
1146 1430 1191 1501 ad
1214 1432 1289 1500 talia
1315 1433 1366 1502 ol‘.

258 1557 333 1624 licia
357 1554 541 1648 promptis,
567 1550 763 1619 accedentes
786 1548 829 1618 ad
845 1569 955 1618 terrae
979 1550 1163 1634 dominum,
1188 1578 1262 1620 rem
1287 1579 1368 1649 per.

258 1699 366 1748 aetam
388 1703 461 1746 esse
488 1678 519 1744 ei
541 1677 745 1743 nuntiavere.
794 1672 929 1743 Deinde
953 1700 1011 1741 rex
1028 1674 1238 1744 Sumuntram
1262 1677 1305 1745 ad
1330 1694 1431 1747 seat.
1520 1765 1526 1777 Ι

260 1821 431 1870 evocatum
463 1802 515 1869 lais
549 1801 660 1869 veelris
685 1798 882 1894 compellat:
902 1797 1092 1890 *Modestus
1117 1801 1233 1869 llllmas
1270 1829 1290 1870 a
1314 1821 1367 1885 te,

259 1928 310 1994 vir
335 1926 463 2006 smmis,
488 1928 554 1995 cito
580 1925 773 1994 adducatur.
823 1927 867 1993 Aa
887 1925 1009 2016 auriga,
1034 1920 1072 1989 id
1096 1947 1137 1990 ex
1161 1926 1248 2018 regis
1274 1945 1429 1996 man-2¹.

261 2048 340 2117 dato
366 2066 515 2117 curatum
536 2051 578 2117 iri
603 2048 788 2143 pollicitus,
823 2073 924 2117 curru
945 2045 1078 2116 advexit
1101 2049 1246 2129 Rumam,
1267 2073 1369 2141 prae·

260 2172 441 2242 callentem
467 2175 556 2241 inter
580 2175 699 2242 heroas
716 2197 817 2240 curru
841 2172 918 2240 vehi
940 2169 1064 2239 solitos.
1115 2173 1251 2241 Interim
1273 2174 1430 2268 prin-23.

259 2299 352 2391 cipes
376 2299 424 2365 ibi
450 2296 641 2379 assidentes,
667 2294 862 2379 orientales,
893 2293 1188 2391 septentrionales,
1209 2294 1367 2365 occiden-

260 2421 344 2488 tales
377 2441 412 2489 et
435 2420 613 2502 australes,
633 2438 703 2487 tum
739 2420 890 2502 barbari,
925 2437 994 2487 tuna
1016 2420 1094 2486 Asu
1122 2417 1166 2504 ¹),
1199 2438 1235 2488 et
1258 2421 1286 2488 si
1309 2422 1365 2515 qui
1380 2417 1431 2502 2⁴.

259 2542 328 2624 alii,
353 2544 511 2613 silvarum
546 2546 775 2639 mortuumque
806 2542 963 2627 accolae,
987 2544 1097 2614 cuncti
1127 2545 1271 2612 venerati
1291 2561 1369 2613 sunt

326 2799 354 2877 l)
378 2795 572 2857 Vocabulum
593 2793 664 2868 laoe,
683 2797 772 2875 drys,
793 2815 829 2855 es
851 2793 1016 2871 adiecero,
1037 2793 1188 2880 quiequid
1208 2794 1370 2858 honestum

384 2905 429 2958 est
456 2917 494 2957 ac
524 2893 678 2958 laudabile
706 2894 916 2977 signilioantm
947 2893 1025 2958 abiit
1046 2894 1076 2956 in
1097 2918 1207 2958 nomeu
1228 2894 1372 2979 generals

385 2995 557 3075 indorum,
583 3017 647 3080 quo
668 3016 756 3056 sensu
780 2996 917 3077 positum
946 2994 1168 3078 complectitur
1188 3019 1294 3058 ornnes
1317 3016 1374 3078 po-

385 3095 472 3178 pulos
493 3096 546 3179 qui
572 3094 738 3157 secundum
754 3094 946 3177 disciplinam
964 3094 1191 3157 Brachmanum
1204 3095 1298 3156 vitam
1318 3095 1375 3156 de-

385 3203 480 3278 gunt,
513 3195 698 3278 eosdemque
727 3214 799 3256 eum
820 3192 868 3255 lais
891 3193 965 3255 deos
989 3195 1106 3255 colunt.
1159 3197 1375 3275 (inponuntur

387 3295 471 3358 driis
492 3297 635 3368 mte‘ctta,
658 3295 680 3356 i.
702 3314 732 3356 e.
752 3293 890 3369 barbari,
912 3291 1049 3355 homines
1073 3315 1090 3353 a
1113 3292 1165 3352 tali
1185 3293 1267 3353 sitae
1286 3292 1376 3354 enit·

388 3393 493 3455 alieni.
535 3394 604 3456 Nou
627 3402 729 3457 tamen
751 3394 806 3477 qui
826 3392 878 3454 laic
905 3401 1120 3454 memorantur
1140 3392 1265 3455 lrarlsari
1288 3400 1375 3455 sstrs

388 3495 504 3555 indiam
524 3501 596 3556 aunt
611 3493 793 3578 quaerendi:
814 3502 933 3556 ennae
954 3492 1035 3556 euim
1050 3501 1082 3555 et
1104 3491 1197 3555 hodie
1218 3491 1300 3555 iutra
1323 3493 1375 3554 lu-

390 3593 458 3656 ‹liae
481 3594 573 3667 fines,
598 3594 782 3677 praesertim
804 3592 834 3654 in
858 3592 1022 3666 montanis,
1043 3601 1074 3654 et
1095 3592 1279 3654 exstiterunt
1300 3590 1376 3653 olim

390 3694 611 3775 multoplures
632 3693 781 3755 siusnaodi
803 3692 950 3769 nationes,
965 3692 1063 3776 stirpe
1076 3714 1113 3753 ac
1134 3689 1236 3774 lingua
1258 3693 1298 3754 ab
1320 3693 1375 3754 ln-

389 3793 435 3852 dis
455 3794 594 3873 gessuiais
616 3793 763 3855 diversae.
805 3793 887 3856 Neue
908 3793 976 3877 quia
991 3793 1131 3867 miretur,
1157 3794 1279 3874 aegialos
1299 3815 1376 3875 pro·

391 3895 478 3953 sanos
511 3916 528 3952 a
562 3893 731 3954 Dasaratlaa
761 3893 903 3955 inritatos
931 3893 1040 3955 luisses
1072 3894 1185 3955 etenim
1209 3915 1292 3954 tautae
1310 3916 1374 3955 non

390 3993 494 4072 agitur
517 3993 665 4054 duntaxat
687 3994 726 4053 de
754 3993 848 4056 sacris
866 3993 1039 4071 faciundis,
1067 3991 1120 4055 sed
1141 3992 1179 4053 de
1198 3992 1374 4055 ordinando

393 4114 451 4174 per
463 4092 584 4153 lae-redis
600 4094 833 4176 cooptationem
849 4093 992 4175 imperio,
1005 4092 1090 4154 caius
1102 4113 1249 4153 samniam
1262 4102 1374 4155 aucto·

394 4192 515 4252 ritatem
536 4215 630 4274 penes
649 4215 751 4275 regem
773 4194 943 4279 Ayoslhyae
963 4194 1052 4254 luisse
1073 4194 1164 4276 longe
1185 4192 1306 4278 lateque
1326 4189 1376 4254 ul-

391 4298 441 4351 tra
465 4293 645 4354 Cassianam
668 4295 742 4355 fines
763 4294 870 4355 statuit
891 4296 992 4376 poem.
1034 4293 1194 4355 Secundus
1212 4293 1376 4357 lesidos

392 4392 470 4454 tiber
502 4393 675 4476 exemplam
700 4392 825 4455 eslribet
856 4393 886 4454 in
910 4393 1002 4453 Gulao
1032 4404 1217 4455 renatorum
1249 4393 1376 4474 rogulo,

392 4492 506 4551 Cosalis
529 4494 672 4555 saisitisno.
701 4530 739 4542 -
762 4496 810 4556 ne
832 4493 1043 4578 antiquissimo
1068 4493 1217 4554 Ariorum
1240 4491 1376 4573 nomine,

393 4592 467 4651 otim
487 4592 586 4655 Persis
608 4615 678 4654 curn
700 4593 781 4655 ludis
801 4592 977 4667 conuasuni,
1000 4592 1202 4654 conterantur
1223 4614 1303 4677 quas
1324 4592 1374 4655 di-

395 4693 515 4771 eputari
545 4694 575 4754 in
606 4693 723 4755 libello:
762 4692 930 4781 &leston
966 4713 1018 4756 ast·
1046 4691 1153 4757 tende
1176 4691 1228 4757 δυ
1255 4693 1375 4778 lageas

396 4792 574 4876 Asaiata'qurs,
597 4816 664 4879 pag.
686 4792 739 4855 tlt.
