3609 5817
415 750 574 844 Jaeacs
608 776 837 845 ruostine
865 771 1141 843 uunaaano.
1254 757 1343 840 sta

234 989 315 1039 natu
339 970 518 1036 maximum
543 984 720 1061 postquam
742 986 837 1062 pater
863 965 907 1033 ad
934 964 1175 1059 capessendum
1199 988 1342 1059 regnum

235 1098 506 1187 inauguraverat,
540 1115 619 1157 cura
639 1090 803 1157 fraternae
825 1092 924 1160 sortis
948 1088 1030 1155 mihi
1056 1086 1270 1171 demandata,
1305 1091 1340 1157 iu

232 1218 349 1286 silvam
366 1217 510 1284 secessit.
547 1216 643 1282 Patre
660 1213 784 1281 deinde
802 1213 988 1309 grandaevo
1006 1211 1050 1279 ad
1068 1210 1198 1280 coelum
1215 1230 1340 1293 evecto,
1354 1212 1400 1276 ¹5.

181 1342 186 1358 “
234 1336 395 1433 equidem
427 1338 493 1403 hoc
523 1361 607 1406 onus
630 1361 670 1403 cr
697 1362 804 1429 aequo
831 1354 864 1403 et
884 1336 975 1402 bono
1001 1334 1169 1415 subibam,
1204 1333 1341 1402 fratrem

230 1459 492 1545 Cusadhvajnm,
517 1459 580 1527 diis
606 1456 883 1552 comparabilem,
904 1458 1088 1549 respiciens
1115 1481 1191 1523 cum
1216 1460 1334 1524 carita·

232 1586 274 1652 tis
300 1582 428 1650 affectu.
477 1582 523 1649 At
552 1599 630 1674 post
658 1579 864 1674 aliquantum
890 1580 1050 1673 temporis
1082 1580 1123 1644 ab
1150 1579 1232 1645 urbe
1258 1578 1399 1649 San-16.

230 1709 318 1774 cisia
340 1706 406 1772 buc
431 1702 564 1771 advenit
587 1729 646 1771 rex
672 1704 766 1771 sortis
790 1703 1012 1784 Sudbanvan,
1048 1700 1215 1769 Mitbilam
1239 1704 1339 1769 obsi·

228 1828 331 1896 dione
348 1830 531 1912 tincturum
550 1830 644 1921 isque
666 1828 746 1894 mihi
764 1827 978 1908 denuntiavit,
1000 1851 1114 1893 arcum
1130 1824 1398 1918 Sivaeprae·17.

228 1950 463 2016 stantissimum
488 1949 659 2043 Sltamquc
684 1948 841 2042 puellam,
867 1946 928 2015 loti
954 1946 1032 2015 solia
1057 1946 1161 2014 oculis
1186 1946 1337 2013 reseren-

228 2091 314 2154 tem,
340 2070 425 2138 tradi
450 2075 514 2140 sibi
541 2092 705 2167 oportere.
753 2075 858 2158 Quam
878 2098 981 2166 quum
1008 2095 1188 2166 negassem,
1211 2072 1394 2138 &ach-18,

226 2219 326 2261 mana
350 2196 610 2289 sapientissime,
646 2222 706 2264 rex
737 2195 795 2264 ille
820 2195 1022 2265 Sudbanvan
1043 2195 1173 2289 proelio
1204 2219 1337 2262 mecum

228 2318 395 2401 conflixit,
429 2338 464 2388 et
496 2322 531 2387 in
562 2345 602 2390 eo
637 2323 816 2389 certamine
849 2319 1042 2388 vulneribus
1069 2317 1215 2388 adversis
1240 2347 1257 2387 a
1283 2346 1336 2388 me

228 2467 345 2510 caesus
376 2462 436 2512 est.
494 2444 675 2513 interiecto
703 2471 782 2538 rege
812 2444 1052 2525 Sutlhanvane,
1091 2467 1152 2537 ego
1186 2446 1222 2510 in
1252 2447 1335 2512 urbe
1350 2470 1396 2533 ¹9·

226 2563 382 2633 Siucisia
412 2566 547 2634 fratrem
580 2567 778 2635 bellicosum
811 2564 1054 2650 Cusadhvajum
1082 2565 1212 2632 solenni
1239 2590 1333 2634 more

225 2708 341 2778 regem
370 2690 487 2754 meavi.
537 2689 642 2757 lliece
672 2688 774 2755 irater
806 2711 899 2754 meus
930 2705 981 2754 est
1008 2688 1134 2771 iunior,
1168 2712 1229 2783 ego
1255 2709 1394 2760 uatuao.

222 2808 339 2875 maior.
388 2811 486 2892 Tibi,
511 2812 789 2905 praestantissime
811 2829 917 2892 vates,
944 2835 1046 2904 quem
1069 2808 1195 2878 salvere
1221 2813 1333 2891 iubeo,

224 2954 438 3025 summopere
454 2932 556 3002 laetus
573 2933 654 3003 tlttas
674 2936 817 3028 virgines
835 2934 942 3017 trado,
958 2934 1060 3003 Sltam
1069 2936 1189 3002 Bimae
1205 2932 1396 3003 decen-at.

222 3050 313 3134 dam,
337 3053 568 3151 Urmilamqne
588 3058 763 3126 Laxmano.
803 3057 924 3125 Filiam
943 3083 1051 3125 meam
1067 3058 1181 3140 Sltam,
1203 3061 1333 3129 virtutis

222 3177 425 3268 praesuium,
459 3176 627 3274 Supertlm
651 3180 781 3248 filiabus
807 3177 1084 3272 comparabilem,
1115 3204 1154 3247 ac
1183 3179 1395 3251 sccundoaa.

220 3294 299 3365 loco
325 3298 505 3370 Urmilam:
541 3321 593 3370 ter
620 3301 712 3370 idem
737 3301 833 3385 dico,
866 3321 904 3370 ut
934 3325 1068 3368 omnem
1093 3301 1335 3369 dubitationem

221 3419 347 3489 tollam.
384 3423 491 3491 llasce
509 3423 590 3491 dous
612 3427 756 3519 virgines
775 3449 988 3519 summopere
1010 3423 1114 3491 laetus
1137 3425 1200 3492 tibi
1224 3422 1332 3505 uado,

220 3562 311 3612 vates
335 3548 624 3645 praestantissime.
674 3550 730 3616 'I'u
748 3572 844 3631 vero,
868 3572 939 3633 rex,
964 3549 993 3615 si
1016 3549 1078 3616 tibi
1102 3546 1232 3641 placet,
1257 3551 1391 3625 vae-23,

220 3692 337 3736 urum
353 3667 565 3737 donationem
588 3696 606 3737 a
623 3671 723 3737 Rima
745 3690 780 3739 et
798 3672 964 3739 Laxurano
984 3671 1171 3739 faciendam
1194 3672 1331 3751 instrue,

220 3794 387 3859 maiorum
418 3794 574 3861 Manibus
606 3797 690 3861 iusta
724 3794 831 3878 solvc,
866 3794 1014 3890 denique
1047 3794 1205 3890 nuptialia
1238 3820 1331 3864 saera

219 3916 356 4010 perfice.
408 3916 516 3985 Hodie
548 3915 627 3985 luna
657 3920 759 3988 intrat
783 3919 921 3987 domum
945 3918 1112 4002 lunarem,
1147 3944 1231 4013 quac
1257 3920 1391 4004 Ma-al.

347 4402 499 4482 sapientes
521 4408 578 4486 piis
602 4410 748 4489 operibus
770 4414 884 4483 claros,
906 4415 972 4470 sinc
992 4408 1088 4473 dubio
1110 4409 1330 4492 intelligendus

351 4511 399 4560 est
421 4503 510 4584 prior
530 4505 620 4565 buius
643 4509 1057 4587 nominis,tertiusaNin1e,
1079 4533 1097 4571 a
1119 4533 1183 4593 qno
1205 4520 1236 4574 ct
1257 4513 1328 4574 uni·

349 4620 438 4660 serta
472 4606 635 4685 progenies
674 4611 892 4689 cognominata
926 4619 980 4670 est.
1035 4610 1092 4671 llic
1122 4610 1219 4688 idem,
1252 4620 1330 4675 teste

351 4698 512 4764 scholiasta
542 4706 795 4783 llatlbusirdano,
825 4710 856 4769 in
887 4709 1022 4791 qttmlam
1043 4710 1205 4773 Vedorum
1238 4713 1329 4798 Upo-
1421 4771 1432 4794 ,

351 4801 477 4864 aistands
498 4807 691 4891 colloquium
707 4831 778 4871 curn
792 4807 992 4892 Yljnasilcio
1015 4811 1158 4875 babuisse
1180 4812 1329 4881 traditur.
