3609 5817
389 764 444 843 to
697 750 788 838 Lm.
822 745 853 834 l.
892 744 994 839 Cnr.
1029 745 1179 837 xvlt.

385 993 445 1038 rex
470 968 719 1063 potentissime!
754 969 820 1037 Fae
847 987 882 1035 ut
903 968 1023 1035 iustitia
1054 964 1204 1033 subditos
1231 964 1290 1031 tibi
1324 963 1489 1035 concilies.

324 1091 446 1160 tanis
472 1090 568 1159 dictis
594 1094 673 1160 vatis
699 1091 784 1159 [ilius
810 1092 978 1185 proiectus
1003 1107 1073 1169 est,
1104 1114 1205 1181 quem
1230 1088 1406 1155 abeuntem
1432 1112 1489 1155 rex

386 1214 514 1282 ibidem
531 1215 710 1283 subsistens
734 1214 912 1281 luminibus
936 1212 1077 1279 immotis
1104 1229 1315 1303 prosecutus,
1340 1227 1411 1277 tum
1430 1207 1490 1278 ‹le-

324 1347 372 1410 33.
386 1361 493 1420 mum,
521 1362 622 1432 quum
646 1337 704 1404 ille
729 1361 796 1404 non
822 1335 962 1428 amplius
988 1336 1203 1415 cernebatur,
1229 1335 1351 1401 reverti
1369 1335 1488 1428 coepit,

385 1479 495 1527 mente
528 1479 637 1527 tamen
667 1477 807 1553 propter
842 1460 983 1526 caritatis
1023 1458 1174 1524 allectum
1208 1460 1242 1525 in
1276 1456 1334 1525 illo
1373 1457 1489 1528 defixa

324 1577 502 1659 54-Redux
527 1583 561 1647 iu
587 1582 705 1647 urbem
730 1606 821 1646 suam
847 1580 989 1671 regiam,
1012 1597 1045 1645 et
1070 1580 1188 1645 civium
1215 1580 1311 1646 bonis
1330 1581 1414 1648 votis
1432 1605 1487 1648 ex·

386 1725 523 1800 ceptus,
545 1706 727 1798 permansit
751 1705 796 1770 ibi
819 1703 942 1785 laetus,
967 1702 1110 1771 filiorum
1136 1702 1258 1771 natales
1284 1722 1487 1797 exspectaus.

323 1829 371 1893 35.
386 1825 515 1894 luteres
540 1823 676 1893 illustris
696 1824 943 1919 liisbyasringas
968 1825 1090 1890 sensim
1116 1825 1280 1916 processit
1303 1824 1347 1892 ad
1368 1824 1488 1894 Mmt-

384 1945 464 2040 padi
487 1947 605 2013 urbem
628 1948 817 2028 Cuaurru,
843 1947 1018 2015 arboribus
1044 1945 1233 2038 cltumpaeis
1254 1948 1347 2041 qussi
1366 1972 1486 2017 corona

320 2080 371 2143 36.
385 2072 536 2137 cinctam.
579 2073 624 2138 At
645 2072 873 2165 Ltlmupddus‚
897 2074 1142 2165 quamprimum
1173 2072 1215 2139 de
1240 2074 1320 2141 vatis
1346 2070 1486 2140 adventu

386 2195 508 2262 certior
531 2194 634 2286 lactus
658 2193 783 2276 suerat,
808 2221 883 2260 cum
895 2195 1107 2263 brachmanis
1122 2221 1160 2262 ac
1174 2196 1331 2263 ministris
1357 2194 1485 2262 obviam

321 2308 370 2389 37·
385 2315 415 2381 ei
440 2335 642 2398 occurrens,
679 2314 799 2398 Salve,
833 2318 899 2399 ait,
930 2317 982 2383 bis
1006 2335 1157 2385 natorum
1190 2316 1337 2411 optime!
1369 2317 1486 2393 Fatum

382 2453 472 2506 sorte
494 2435 531 2505 itl
555 2438 637 2504 milri
664 2439 817 2532 contigit,
843 2456 879 2504 ut
894 2438 1019 2519 tu,‚vir
1034 2439 1181 2531 egregie,
1210 2464 1286 2505 ctuu
1307 2464 1410 2507 uxore
1431 2461 1486 2508 co-

319 2554 367 2617 38·
381 2560 583 2655 mitibusque
607 2562 782 2632 incolumis
805 2563 870 2629 huc
896 2561 1031 2628 redires.
1063 2564 1159 2629 Pater
1181 2581 1254 2630 tuus
1280 2563 1367 2629 bene
1384 2559 1486 2648 valet3

380 2680 471 2750 idem
497 2683 627 2752 assidue
653 2687 785 2752 nuntios
809 2685 876 2750 huc
898 2688 1006 2765 misit,
1032 2688 1152 2779 quibus
1171 2689 1292 2754 certior
1308 2686 1421 2769 lieret,
1443 2712 1484 2754 au

380 2821 432 2889 tu,
459 2809 510 2875 sir
533 2806 737 2889 venerande,
763 2826 796 2874 et
817 2833 900 2876 uxor
920 2828 972 2876 tna
990 2812 1187 2904 praecipue,
1209 2830 1301 2879 recte
1325 2811 1483 2880 valeretis

318 2924 419 3009 39·In
444 2927 607 2995 honorem
629 2928 880 3023 Rishyasringae
911 2956 969 2997 rex
1001 2930 1150 3025 prudeus
1175 2958 1256 3025 prae
1281 2931 1404 3002 laetitia
1429 2958 1484 3002 ur·

318 3049 456 3129 «labem
487 3050 571 3118 sesto
602 3069 762 3145 apparatu
792 3053 975 3120 ornandam
1007 3076 1184 3125 curaverat
1238 3057 1484 3151 Rishyasriugas

378 3175 505 3268 etipse
530 3172 633 3245 laetus
658 3201 735 3246 cum
760 3199 839 3271 rege
863 3177 978 3259 simul,
1010 3182 1154 3249 antistite
1180 3180 1363 3248 domestico
1385 3203 1480 3273 prae·

316 3292 475 3371 ineunte
486 3349 496 3379 ‚
533 3300 665 3391 imperii
689 3299 805 3372 sedem
832 3301 973 3371 intravit
1023 3301 1074 3368 lbi
1106 3302 1265 3397 deinceps
1297 3326 1479 3371 commora-

376 3418 475 3490 batur
496 3443 675 3516 generosus
700 3422 780 3490 vatis
803 3422 908 3503 filius,
942 3448 960 3487 u
986 3448 1064 3516 rege
1086 3422 1266 3517 aulicisque
1292 3449 1355 3517 pro
1375 3424 1482 3492 cuius·

376 3540 442 3634 que
466 3541 656 3612 conditione
681 3542 865 3613 honorilice
891 3545 1032 3613 habitus.
