3609 5817
426 706 477 781 10
793 697 883 786 Lm.
916 698 949 785 l.
987 692 1085 788 (Isr.
1122 698 1155 785 l.

358 916 408 993 45.
422 929 479 978 est
530 910 662 982 Deinde
688 914 926 1011 Stlrpanaltbac
950 941 1104 986 sermone
1129 918 1285 986 exonios
1311 938 1448 987 cunctos
1480 923 1530 1014 gi

422 1055 554 1130 gentes,
579 1039 795 1131 Kharumque
809 1037 1091 1133 Ddshannmquc,
1117 1058 1368 1133 monstrumque
1381 1041 1529 1109 Tarccrs

358 1164 408 1245 46.
423 1159 547 1229 occidit
563 1163 599 1229 in
620 1160 771 1256 proelio,
796 1160 886 1229 solus
907 1164 980 1255 ipse
1002 1181 1138 1230 cunctos
1159 1164 1322 1256 gigantes,
1347 1187 1531 1257 eorumque

421 1310 560 1379 agmen,
590 1283 636 1353 ad
658 1284 912 1379 quatuordecim
937 1284 1048 1351 millia.
1098 1284 1221 1355 Audita
1246 1309 1349 1379 porro
1376 1305 1533 1379 cognato-

358 1410 499 1495 47.r'nm
526 1408 648 1493 caede,
673 1411 763 1504 gipsi
784 1436 847 1505 per
866 1401 1035 1504 triplicem
1057 1409 1219 1477 mnndum
1240 1410 1445 1494 celebratus,
1471 1412 1535 1480 Ri-

424 1556 522 1599 vanas
547 1534 683 1601 nomine
709 1530 837 1615 dictus,
863 1530 1069 1625 versipellis,
1094 1531 1218 1598 robore
1241 1531 1393 1625 pollens,
1421 1537 1535 1629 gigan-

359 1662 410 1740 48.
425 1674 495 1723 tum
515 1679 594 1736 rex,
618 1653 780 1739 bellator,
815 1658 866 1723 ira
889 1680 1025 1738 vccors,
1055 1657 1183 1722 socium
1209 1654 1273 1722 sibi
1298 1655 1399 1752 elegit
1422 1660 1536 1752 gigan-

360 1778 411 1861 49.
425 1794 512 1859 tem,
537 1776 727 1844 Malrlclrnm
750 1778 895 1844 nomine.
947 1773 1042 1841 Idem
1066 1776 1216 1867 quumvis
1243 1775 1362 1843 crebro
1388 1801 1407 1843 a
1431 1778 1536 1844 lisn-

425 1900 489 1968 clro
514 1901 606 1968 hune
630 1901 666 1966 in
688 1896 826 1965 modum
851 1894 1048 1963 deterritus:
1076 1894 1194 1961 »Nulla
1217 1896 1278 1963 tibi
1304 1914 1355 1963 cst
1377 1894 1535 1980 facultas,

362 2026 608 2108 scoltenna,
640 2022 750 2092 valido
775 2023 829 2090 isti
852 2018 1072 2090 resistendilo
1109 2018 1325 2087 nihilominus
1350 2020 1443 2089 istius
1465 2044 1535 2087 scr-

425 2171 524 2212 monc
547 2163 680 2238 spreto,
715 2160 806 2209 actus
845 2143 910 2208 sato
939 2168 1015 2207 cum
1045 2141 1198 2208 llldrlcho
1225 2142 1346 2208 Ramac
1369 2166 1539 2210 secessum

364 2266 412 2330 5¹·
426 2270 515 2337 adiit.
552 2272 663 2354 Quum
686 2269 779 2334 istius
805 2265 1062 2359 praestigiatoris
1088 2261 1204 2331 fraude
1225 2265 1323 2331 ambo
1345 2267 1433 2360 regis
1452 2266 1538 2333 filios

427 2393 526 2487 longe
549 2391 627 2460 inde
648 2391 848 2470 abduxisset,
874 2392 984 2483 rapuit
1004 2390 1123 2457 llilmae
1143 2391 1336 2484 coniugem,
1362 2391 1537 2459 interfecto

366 2517 557 2585 5²·vulture
587 2518 772 2611 Jamyushe.
822 2513 1036 2608 Raglruides,
1075 2541 1152 2581 cum
1175 2514 1341 2582 vulturem
1373 2515 1539 2594 occisum,

430 2644 673 2735 coniugemque
704 2639 932 2708 blitlrilouscm
960 2658 1090 2733 raptam
1116 2656 1288 2733 cerneret,
1313 2661 1466 2704 moerore
1492 2638 1542 2703 al*-

367 2759 416 2823 55·
430 2767 538 2835 llictus
551 2817 561 2848 ,
587 2767 724 2835 turbatis
749 2766 901 2833 sensibus
927 2767 964 2832 in
988 2763 1131 2835 lamenta
1154 2788 1190 2832 se
1214 2761 1339 2831 effudit.
1389 2762 1542 2843 Deinde,

428 2892 516 2957 inter
540 2890 630 2958 bunc
656 2892 767 2983 ipsum
791 2914 980 2957 moerorem
1005 2891 1134 2958 vulture
1156 2888 1331 2984 Jamyushe
1354 2887 1541 2967 combusto,
1625 2965 1630 2970 .

429 3011 534 3079 Sltam
565 3012 602 3078 in
628 3011 708 3079 silva
738 3012 937 3104 investigans
970 3013 1135 3104 gigantem
1167 3007 1314 3102 aliquem
1349 3011 1543 3102 conspexit,

368 3105 653 3210 ⁵4Cnbandhum
677 3136 831 3214 nominc,
864 3139 977 3227 spccic
999 3133 1205 3215 deformem,
1229 3138 1301 3203 visu
1326 3133 1545 3217 horribilcm3

430 3255 521 3323 hunc
546 3280 679 3323 caesum
702 3255 801 3351 lignis
827 3258 1000 3336 cremavit,
1027 3280 1094 3350 quo
1120 3255 1207 3323 sacto
1226 3256 1254 3325 is
1272 3256 1413 3325 sormam
1431 3261 1544 3327 aethe-

369 3385 419 3452 55.
431 3383 515 3448 riam
539 3381 724 3475 assumpsit
777 3377 909 3449 Deinde
931 3377 1134 3447 Cabandhus
1156 3380 1301 3446 narrarit
1326 3380 1357 3445 ei
1378 3378 1422 3447 de
1446 3380 1545 3448 Sava-

430 3502 505 3571 ridc
531 3505 688 3582 ascetria,
714 3520 747 3572 et
773 3504 962 3571 exhortatus
979 3522 1028 3570 est
1049 3528 1143 3583 enm,
1169 3516 1206 3567 ut
1228 3500 1386 3568 seminam
1410 3503 1547 3596 religio-

369 3625 513 3696 sonum
537 3628 678 3719 peritam
704 3622 819 3689 adiret
871 3623 974 3690 Cuius
1008 3622 1051 3691 de
1087 3622 1225 3691 consilio
1258 3623 1397 3703 Baiuras,
1439 3630 1547 3695 omnis

434 3746 553 3841 culpae
577 3750 717 3826 insons,
755 3751 867 3840 vigore
898 3746 1091 3840 praeclarus
1106 3798 1116 3827 ,
1155 3747 1299 3814 bostium
1332 3749 1546 3832 interlector,

372 3870 625 3959 57.Savaridcrn
652 3872 742 3939 adiit.
783 3873 837 3939 Ab
864 3897 903 3938 ea
926 3872 1017 3938 omni
1042 3868 1145 3939 modo
1170 3870 1355 3939 honorilice
1377 3893 1547 3964 exceptas,

433 3994 632 4061 Dasaratbae
660 3994 746 4061 filius
779 3991 822 4062 sd
854 3993 999 4060 fluminis
1025 3994 1169 4086 Pampnc
1200 3994 1309 4085 ripam
1334 4020 1410 4062 cum
1434 3997 1547 4061 llnnn-

372 4119 420 4184 58.
434 4134 544 4183 mantc
571 4116 665 4183 simio
692 4134 742 4182 est
768 4139 985 4208 congressum
1011 4116 1104 4182 cuius
1124 4112 1168 4183 dc
1187 4116 1325 4183 consilio
1346 4141 1449 4211 porro
1471 4142 1547 4184 cum

435 4239 575 4333 Sugrlvo
602 4265 797 4332 congressus
822 4237 924 4306 heros
949 4239 1178 4331 psncvalidus,
1204 4258 1307 4307 totam
1330 4263 1402 4305 rem
1428 4242 1459 4309 ci
1489 4266 1547 4309 cx·

372 4366 422 4450 59.
435 4366 555 4457 posuit
606 4364 763 4457 Sugrlvus
790 4381 915 4445 autem,
941 4366 1095 4432 omnibus
1112 4366 1232 4433 Bimae
1255 4365 1427 4433 conatibus
1453 4364 1550 4433 aridi-

435 4488 495 4568 tis,
521 4486 625 4554 laetus
650 4488 826 4554 amicitiam
852 4512 929 4556 cum
956 4511 996 4555 eo
1018 4489 1142 4569 iunxit,
1168 4492 1245 4584 igne
1270 4512 1364 4555 sacro
1392 4508 1549 4581 tanquam

373 4604 421 4665 60·
436 4625 517 4674 teste
544 4605 703 4675 adhibito.
753 4608 885 4676 Deinde
909 4609 1070 4676 exanimi
1093 4607 1209 4677 affectu
1232 4613 1453 4678 narrationem
1476 4612 1549 4702 pln-

436 4731 602 4797 uissimam
630 4730 672 4796 de
698 4731 861 4802 simultate
886 4757 945 4799 sua
968 4757 1043 4799 cum
1069 4733 1240 4799 simiorum
1265 4759 1370 4828 rege,
1411 4761 1475 4828 qua
1502 4737 1549 4801 al-
