3609 5817
436 774 516 853 116
644 773 648 779 ’
700 733 802 851 Iao.
836 756 869 844 l.
909 751 1010 847 Cio.
1040 749 1280 846 xxxvll.

433 980 583 1051 servandi
611 975 719 1045 studio
744 993 869 1056 motus,
899 972 1043 1064 vigorem
1071 965 1253 1034 mosonium
1277 983 1369 1033 tunm
1393 969 1466 1059 ipso
1488 968 1537 1032 vi-

433 1130 512 1200 gore
539 1103 668 1170 cohibe.
720 1097 849 1189 Sospita
876 1094 1002 1159 hancce
1033 1090 1247 1155 animantium
1274 1089 1537 1171 universitatem

374 1244 416 1305 ιδ,
431 1226 501 1298 noli
526 1246 661 1292 naturae
686 1222 866 1289 vastitatem
885 1189 1024 1283 efficere.
1058 1210 1182 1312 Audito
1199 1209 1366 1304 Supenim
1384 1234 1537 1278 sermone

432 1351 679 1446 potentissimus
703 1343 820 1411 mundi
846 1341 1019 1418 dominns,
1052 1340 1115 1405 hae
1140 1360 1237 1404 voce:
1269 1331 1357 1401 Fiat!
1389 1332 1538 1428 prelata,

373 1476 417 1555 14.
433 1477 472 1542 iis
495 1474 625 1552 anuuit,
663 1495 701 1536 ae
727 1490 830 1561 porro
856 1466 901 1533 ita
926 1463 1019 1554 loqui
1045 1461 1195 1529 orditur:
1234 1457 1409 1524 Cohibebo
1442 1457 1539 1550 equi·

432 1598 511 1664 dem
532 1593 734 1661 coniunctim
753 1615 828 1657 eum
844 1589 930 1654 Uma
954 1588 1100 1678 vigorem
1119 1607 1232 1648 meum
1256 1578 1440 1647 masculum
1464 1580 1539 1672 ipso

432 1722 553 1811 vigore.
603 1718 692 1780 Tum
719 1712 883 1795 Caelites,
905 1729 976 1777 tum
999 1728 1104 1789 terra,
1136 1704 1268 1800 placida
1292 1704 1403 1797 quiete
1428 1703 1541 1769 fruan-

372 1843 493 1908 15.tur.
544 1835 613 1905 Sed
639 1837 754 1904 dicant
774 1834 856 1900 mihi
876 1832 1042 1926 Supenim
1068 1832 1253 1923 primores,
1279 1852 1392 1894 semen
1417 1850 1542 1908 meum,

431 1962 553 2055 vigoris
569 1958 817 2056 plenissimam,
844 1953 970 2047 quode
990 1952 1068 2019 sede
1089 1978 1146 2019 sua
1173 1954 1349 2019 excitatum
1374 1967 1441 2033 est,
1467 1954 1542 2044 quis

375 2087 497 2158 16.hoe
525 2081 723 2151 sustinebit?
767 2081 815 2145 Ita
840 2078 1033 2169 interrogati
1060 2074 1180 2167 Supem‘
1205 2072 1455 2167 responderunt
1477 2074 1542 2144 dee

433 2210 609 2274 iuvencum
632 2206 668 2271 in
692 2201 812 2270 vexillo
835 2199 991 2294 gestanti:
1019 2197 1118 2280 Quod
1141 2222 1256 2264 semen
1279 2197 1382 2265 hodie
1403 2198 1464 2265 tibi
1486 2223 1546 2266 ex·

375 2362 419 2424 ¹7.
435 2334 569 2399 citatum
594 2346 661 2408 est,
704 2324 740 2391 id
772 2322 867 2389 tellus
900 2322 1083 2388 sustinebit
1133 2322 1193 2387 liis
1226 2319 1323 2389 dietis
1355 2320 1544 2390 admonitus

435 2453 608 2526 Coclitum
635 2451 794 2544 princeps
828 2448 977 2538 vigorem
1018 2468 1113 2509 snum
1151 2444 1334 2511 masculum
1367 2446 1402 2510 in
1435 2463 1545 2513 teme

436 2578 544 2646 solum
568 2573 704 2655 effudit3
739 2592 806 2663 quo
833 2568 931 2634 tellus
963 2592 1038 2634 eum
1065 2568 1232 2635 montibus
1264 2567 1420 2662 silvisque
1445 2567 1547 2662 plane

380 2710 426 2771 18.
438 2716 610 2792 penetrata
636 2712 694 2760 est.
726 2695 824 2758 Tunc
838 2692 961 2783 Superi
978 2688 1088 2757 denuo
1106 2692 1196 2758 hune
1215 2693 1251 2758 in
1273 2689 1411 2760 modum
1432 2692 1548 2785 Ignem

440 2820 627 2886 adhortari:
651 2816 844 2910 Aggredere
867 2836 904 2884 tu
929 2841 1004 2883 eum
1029 2817 1116 2882 A‘ore
1143 2818 1348 2885 consociatus
1369 2816 1549 2885 mirificam

383 2960 428 3023 ¹9·
441 2942 545 3009 Rodii
571 2965 694 3009 semem
745 2937 917 3005 Ambobus
945 2940 1036 3005 hisce
1060 2938 1160 3005 desim
1182 2944 1274 3005 iussa
1297 2938 1464 3006 alacriter
1488 2964 1549 3006 ex·

442 3060 678 3159 sequentibus,
701 3061 737 3128 id
762 3064 803 3128 ab
820 3063 901 3156 Igne
926 3087 1039 3130 rursus
1062 3082 1271 3157 penetratum
1296 3079 1362 3146 est3
1387 3060 1468 3128 inde
1493 3087 1550 3130 ex·

382 3218 430 3260 ιο.
444 3188 526 3254 stitit
546 3208 643 3251 mons
670 3181 861 3263 Candidus,
897 3208 962 3250 nee
993 3209 1061 3251 non
1092 3183 1202 3251 divina
1234 3183 1315 3251 silva
1338 3183 1551 3266 Aruntlinea,

445 3312 595 3379 flammae
621 3306 768 3402 solisque
795 3309 893 3375 iubar
917 3309 1082 3398 reserens,
1115 3309 1174 3374 obi
1200 3327 1294 3375 natus
1317 3327 1367 3376 est
1392 3311 1553 3377 strenuis·

384 3439 547 3504 sosimus
567 3433 769 3513 Cartieeius,
794 3457 834 3499 ex
859 3434 936 3526 igne
959 3451 1060 3501 ortus.
1110 3431 1242 3498 Deinde
1264 3431 1386 3526 Superi
1409 3434 1554 3526 pariter·

448 3585 514 3655 que
541 3557 736 3650 Sapientem
762 3576 874 3623 coetus
900 3575 970 3625 tum
988 3558 1107 3624 Umam
1132 3575 1203 3623 tum
1216 3554 1326 3623 Sivam
1349 3579 1553 3649 magnopere
1606 3633 1619 3646 ι

387 3704 436 3746 22·
450 3684 595 3750 venerati
627 3700 724 3759 sunt,
760 3705 887 3747 summo
924 3679 1043 3774 gaudio
1077 3678 1194 3748 affecti.
1250 3680 1296 3748 At
1325 3681 1447 3748 montis
1480 3699 1555 3747 nata

452 3805 598 3873 Caelites
624 3808 779 3881 intuens,
814 3803 929 3871 oculos
954 3828 1035 3898 prae
1060 3801 1109 3871 ira
1139 3805 1262 3871 robore
1288 3802 1432 3886 suffusa,
1465 3800 1555 3870 indi-

390 3936 441 4006 23.
453 3925 632 4021 gnahunda
648 3925 736 3993 diras
757 3929 912 3996 omnihus
938 3931 1136 4022 imprecari:
1164 3931 1328 4014 Quoniam
1346 3952 1425 4021 ego,
1452 3927 1556 4022 prolis

454 4048 622 4118 desiderio
655 4073 931 4144 congressuum
956 4054 1091 4134 marito,
1123 4051 1281 4147 impedita
1306 4075 1378 4119 sum
1404 4076 1423 4116 a
1445 4054 1557 4134 vobis,

453 4191 580 4242 vestrae
613 4197 748 4267 quoque
782 4199 901 4243 uxores
933 4174 974 4241 ab
1005 4176 1070 4244 hoc
1101 4177 1180 4244 inde
1213 4176 1268 4243 die
1296 4172 1424 4244 steriles
1450 4195 1557 4243 sunto.

393 4292 442 4372 24·
456 4298 515 4364 His
546 4294 644 4366 dietis
679 4323 783 4390 quum
815 4324 930 4366 omnes
961 4299 1107 4394 Superos
1138 4301 1365 4393 obiurgasset,
1403 4298 1560 4369 tellurem

456 4442 592 4513 quoque
621 4416 779 4487 detestata
811 4437 875 4487 est:
918 4420 968 4486 »Ο
997 4423 1121 4503 Terra,
1159 4441 1194 4489 tu
1219 4422 1323 4491 varias
1350 4419 1560 4489 conditiones

395 4549 443 4615 25.
456 4543 608 4632 patietis,
642 4540 888 4635 multonimque
920 4555 1003 4609 uxor
1033 4545 1117 4630 eris;
1156 4570 1195 4613 ae
1224 4570 1298 4613 mea
1332 4542 1563 4637 indignatione

458 4665 673 4732 contaminata
708 4663 863 4733 laetitiam
891 4667 1035 4733 filioram
1072 4689 1168 4760 partu
1206 4692 1275 4737 non
1307 4693 1343 4735 es
1378 4666 1561 4760 adeptura3

395 4784 620 4878 atimaligna,
653 4816 737 4881 qnae
770 4794 852 4860 mihi
883 4793 1012 4888 prolem
1045 4793 1223 4860 masculam
1257 4790 1410 4861 invidisti.
1460 4794 1562 4892 'l'une
