3609 5817
388 748 516 840 From
532 776 643 840 nara
657 778 711 839 ne
729 775 1045 842 memnonem
1063 778 1223 842 servan.
1275 760 1362 843 808

259 967 501 1033 consecrationi
534 963 729 1032 destinatam
764 963 1060 1031 circumambulans
1092 966 1205 1032 Rdmas
1238 968 1360 1035 sensim

259 1094 435 1183 processit,
460 1092 553 1185 qtrasi
578 1114 767 1181 suspensus,
791 1114 856 1157 nec
880 1091 984 1155 risum
1008 1086 1088 1153 inde
1108 1087 1253 1156 ‹limovit
1286 1091 1424 1159 nonta-

259 1217 428 1306 eripuerat
453 1216 483 1279 ei
508 1214 638 1307 imperii
662 1214 784 1279 iactura
808 1236 969 1278 summam
993 1227 1213 1305 venustatem,
1246 1232 1362 1308 utpote

258 1363 361 1430 quem
394 1335 569 1402 amabilem
601 1361 703 1429 genus
735 1336 918 1401 humanum
947 1332 1138 1414 adamabat,
1173 1336 1269 1402 sicuti
1298 1362 1362 1403 nec

256 1459 367 1553 frigidi
398 1459 516 1527 sideris
550 1458 777 1527 decrescendo
808 1460 911 1552 gratia
946 1459 1044 1551 perit
1096 1460 1186 1525 Duru
1215 1460 1280 1525 iam
1304 1457 1361 1525 sil.
1374 1460 1423 1525 Si.

255 1611 328 1652 rum
351 1603 466 1679 petere
491 1587 593 1679 cupit,
618 1602 807 1674 terramque
830 1599 908 1674 post
936 1606 971 1647 se
995 1578 1172 1675 relinquit,
1203 1580 1295 1649 nulla
1326 1584 1361 1649 iu

253 1732 293 1774 eo
317 1709 520 1802 perspicitur
543 1708 662 1773 mentis
686 1705 850 1785 turbatio,
876 1705 969 1796 quasi
995 1702 1081 1771 soret
1104 1704 1230 1771 cunetis
1259 1705 1360 1771 rebus

254 1832 404 1897 humanis
435 1831 600 1922 superior.
652 1832 793 1895 Recusat
824 1825 1004 1893 candidum
1037 1825 1267 1893 umbraculum
1295 1829 1358 1919 ipsi
1372 1824 1422 1905 34.

252 1952 402 2021 oblatum
426 1978 463 2021 ac
487 1954 566 2018 bina
588 1950 723 2018 flabella
746 1949 926 2044 splendide
945 1968 1075 2031 ornata,
1099 1947 1234 2016 dimittit
1257 1952 1361 2016 comi·

252 2096 354 2144 tatum
386 2104 500 2160 suurn,
534 2101 689 2157 eurr-nm,
718 2100 783 2142 nec
813 2100 880 2142 non
914 2072 1160 2142 multitudinem
1190 2073 1359 2139 urbanam

251 2200 412 2269 Dolorem
436 2202 597 2269 constanti
622 2202 732 2267 animo
756 2200 843 2265 intus
863 2196 985 2278 celans,
1010 2197 1231 2289 coercitisque
1254 2194 1421 2262 sensi-55.

249 2322 323 2400 bns,
348 2320 429 2387 adiit
452 2318 578 2387 deinde
602 2318 754 2412 placidus
778 2319 890 2385 matris
915 2316 1061 2400 domum,
1084 2319 1250 2409 ingratum
1273 2343 1360 2384 nun·

249 2446 332 2511 tium
357 2446 386 2508 ci
410 2443 577 2510 allaturus.
628 2448 716 2512 Tota
735 2469 871 2537 quoqne
891 2441 1014 2509 semilis
1030 2438 1207 2534 splendide
1230 2443 1421 2514 immisto.

249 2565 447 2632 nobilissimi
480 2585 515 2633 et
547 2565 687 2634 veridici
716 2591 760 2633 ne
793 2568 966 2633 minimum
990 2563 1130 2658 quidem
1154 2590 1247 2633 casus
1271 2564 1360 2632 indi-

249 2691 337 2756 cium
363 2691 397 2754 in
422 2691 491 2756 cius
515 2688 607 2757 vultu
629 2688 924 2756 animadvertebat.
984 2690 1091 2757 lleros
1114 2686 1231 2757 validis
1254 2687 1421 2779 lucer-37.

195 2828 199 2840 ·
250 2816 290 2879 tis
314 2812 485 2905 praeditus
510 2836 578 2878 non
603 2814 756 2879 amiserat
778 2812 909 2879 solitam
930 2813 1153 2892 serenitatem,
1176 2813 1273 2881 sicuti
1296 2838 1360 2881 nec

248 2935 326 3001 luna
359 2959 612 3028 quoquoversus
645 2932 757 3004 radios
793 2960 952 3029 spargens
984 2955 1160 3004 auctumno
1195 2956 1358 3031 vergente

248 3060 365 3125 amittit
388 3058 605 3151 splendorem
637 3085 679 3125 ex
711 3084 746 3127 se
777 3061 933 3150 genitum.
984 3062 1078 3126 Voce
1102 3062 1192 3128 suavi
1216 3059 1418 3154 congre-38.

246 3200 352 3273 galam
369 3181 613 3250 multitudinem
633 3179 776 3248 salutans
794 3184 909 3249 Rimas
933 3182 1018 3274 pius,
1042 3181 1196 3274 inclytus,
1219 3179 1262 3247 ad
1287 3207 1356 3249 mu-

246 3306 306 3370 tris
338 3305 558 3396 praesentiam
582 3304 729 3391 accessit.
781 3304 877 3369 llunc
906 3304 1100 3369 subsecutus
1125 3320 1176 3369 est
1199 3301 1417 3387 Summi-59.

244 3425 299 3491 dis
322 3429 582 3509 strenuissimus,
607 3428 783 3495 virtutibus
807 3425 850 3493 ad
873 3424 1126 3494 similitudinem
1149 3426 1259 3496 scutris
1281 3430 1355 3496 eui·

245 3575 319 3630 sus,
350 3549 502 3616 dolorem
527 3575 567 3622 ex
592 3552 701 3617 animo
724 3567 837 3616 natum
861 3551 948 3616 intus
974 3552 1207 3643 comprimens.

344 3671 475 3739 Intratis
505 3672 645 3740 aedibus
660 3724 670 3754 ,
699 3699 825 3740 summu
849 3672 959 3741 adhuc
983 3673 1106 3740 laetitia
1131 3672 1244 3753 elatis,
1273 3699 1352 3767 pro·
1364 3672 1415 3752 do.

243 3796 388 3885 spiciens
414 3793 511 3860 sortis
538 3791 644 3860 felicis
668 3794 876 3861 eversionem
899 3795 1130 3886 ingruentem,
1154 3793 1259 3862 nihilo
1283 3820 1350 3861 ntu-

242 3918 291 4005 gis
326 3935 439 3982 tamen
465 3918 579 3981 Rimas
613 3918 857 4010 perturbationi
881 3943 918 3984 se
944 3915 1097 3999 tradidit,
1132 3933 1283 3986 metuens
1307 3944 1350 3986 ne

240 4041 364 4108 aruicus
390 4040 433 4107 de
458 4066 534 4108 casu
559 4065 618 4106 suo
642 4039 802 4110 sollicitos
826 4039 993 4109 redderet
