3609 5817
399 741 484 826 oto
731 733 899 828 Lrull.
936 731 1163 828 emxss.

335 956 384 1020 33.
400 972 468 1020 tem
493 969 662 1046 oppetere.
713 949 890 1046 Supplices
904 977 1019 1018 manus
1045 953 1107 1020 tibi
1131 950 1394 1038 conducamus,
1418 957 1499 1052 quin

398 1097 431 1145 ct
456 1075 559 1171 pedes
586 1095 658 1143 turos
672 1076 839 1169 contingo,
863 1076 906 1142 sis
919 1077 1107 1169 perfugium
1120 1078 1256 1162 Bimae,
1281 1103 1326 1148 nc
1348 1105 1406 1148 me
1427 1107 1499 1150 sce-

333 1201 593 1286 54.111sluuein
620 1224 656 1266 rc
681 1198 817 1292 polluet.
867 1199 916 1266 ltu
940 1217 1093 1266 vexatum
1122 1199 1241 1269 dolore
1264 1225 1422 1298 magnum
1444 1231 1497 1274 re·

394 1349 487 1416 gem,
513 1321 764 1402 lamentantem,
790 1338 969 1403 amentem,
996 1345 1070 1388 sese
1094 1321 1317 1407 volutantem,
1341 1349 1497 1396 moerore

329 1455 379 1519 55.
393 1447 542 1541 undiquc
566 1469 727 1527 mersum,
753 1445 872 1512 iterum
895 1446 1083 1540 iterumque
1109 1449 1312 1515 annitentem
1336 1465 1375 1518 nt
1398 1475 1496 1544 φιω

391 1572 537 1663 primum
557 1570 666 1664 pelagi
692 1566 936 1663 aegritudinum
948 1568 1038 1638 littus
1056 1573 1281 1666 contingeret,
1305 1589 1402 1642 atrox
1415 1575 1495 1644 Cno-

330 1704 378 1770 36.
392 1707 461 1763 cci's
486 1713 601 1764 contra
631 1691 720 1760 ellari
745 1692 962 1761 atrocioribus
995 1693 1123 1761 verbis:
1163 1693 1264 1779 Quod
1286 1697 1315 1762 si
1340 1715 1394 1780 te,
1417 1699 1493 1766 hius

390 1844 526 1886 munera
551 1815 751 1913 pollicitum,
776 1813 959 1884 eorundem
977 1841 1109 1884 rursum
1132 1819 1298 1912 poenitet,
1323 1817 1491 1912 quomodo

389 1940 628 2012 rectitudinem
653 1959 752 2024 tunm,
769 1964 788 2009 o
808 1937 926 2007 heros!
975 1965 1039 2032 per
1063 1944 1183 2010 orbem
1203 1960 1371 2012 terrarum
1394 1945 1490 2012 iacn-

326 2067 465 2149 3pluis?
516 2059 657 2151 Quando
682 2057 777 2126 multi
800 2084 898 2152 reges
930 2063 1097 2155 sapientes
1128 2080 1239 2131 tecum
1264 2063 1434 2154 congressi
1456 2079 1488 2130 te

389 2207 543 2282 tanquam
565 2186 647 2252 recti
662 2207 800 2276 gnarum
826 2180 1073 2267 collaudabunt,
1096 2181 1177 2278 quid
1200 2200 1280 2251 tuno
1303 2185 1489 2280 responde·

324 2307 372 2372 53·
386 2311 461 2378 bis?
512 2308 592 2376 »illa
618 2308 709 2377 cuius
735 2308 1083 2398 operastrcuunsiuo,
1109 2330 1195 2399 quoe
1218 2305 1414 2376 incolumen
1434 2335 1487 2380 me

387 2435 558 2502 ”servarim
584 2432 663 2498 huic
689 2427 799 2495 eidem
816 2424 977 2495 Caoect'di
1001 2427 1105 2494 iidem
1128 2425 1420 2516 datamuiolevi31
1443 2433 1485 2500 iu

321 2561 370 2642 39.
386 2558 444 2622 tibi
471 2550 654 2623 dicendum
679 2551 751 2616 erit.
802 2547 938 2615 Cunctis
963 2549 1097 2641 regibus
1122 2567 1168 2630 tu,
1194 2573 1215 2618 o
1240 2551 1416 2646 princeps,
1434 2555 1483 2622 in·

383 2679 514 2744 santiam
538 2672 707 2751 conssubis,
732 2693 854 2761 nempe
873 2672 931 2761 qui
945 2695 1086 2738 munere
1104 2696 1261 2741 concesso
1284 2673 1388 2744 hodie
1411 2701 1482 2744 rur·

317 2803 455 2880 desum
481 2796 643 2866 contrariu
669 2790 827 2882 loqueris.
884 2789 1018 2858 Sumus
1047 2795 1082 2859 in
1106 2792 1215 2862 subula
1241 2798 1303 2862 ista
1327 2795 1374 2866 de
1397 2799 1482 2870 acti·

381 2921 469 3012 pitre
494 2936 529 2986 et
550 2913 703 2985 columba
734 2935 826 2979 suam
859 2912 962 3006 ipsius
994 2937 1128 2982 emnem
1161 2913 1290 2987 volueri
1321 2918 1418 2990 dedit
1444 2915 1483 3016 ¹).

438 3287 465 3364 1)
485 3284 541 3346 Est
560 3285 708 3368 apologus
728 3281 922 3358 notissimus,
952 3279 991 3342 nd
1013 3303 1107 3366 quem
1126 3282 1237 3348 alludit
1259 3285 1375 3370 regino.
1415 3287 1477 3350 Co-

495 3387 600 3448 lumbo
623 3383 777 3465 accipitris
799 3383 917 3464 impetu
941 3383 1090 3464 exagitata
1112 3383 1144 3442 in
1164 3385 1265 3446 sinum
1287 3386 1367 3468 regit
1386 3385 1479 3450 Sutrii

493 3486 641 3566 confugit.
683 3483 839 3564 Accipiter
853 3503 957 3564 regem
972 3481 1127 3564 obiurgat,
1143 3483 1228 3566 quod
1248 3485 1398 3566 pruedum
1418 3485 1478 3548 im

493 3592 615 3664 cuptnur
630 3582 688 3643 sibi
709 3581 830 3662 eripiat.
873 3583 937 3644 Rex
952 3581 1012 3640 uit:
1037 3583 1184 3643 luctuum
1205 3582 1289 3645 houd
1314 3605 1404 3668 nego,
1424 3583 1477 3648 ted

491 3689 601 3762 sponte
624 3681 662 3741 ul»
684 3702 722 3741 eo
744 3680 863 3745 absiste.
887 3679 1039 3741 Columba
1060 3688 1095 3740 ut
1114 3681 1242 3764 supplex
1263 3702 1281 3743 a
1305 3705 1357 3744 me
1379 3681 1475 3746 deseri

492 3801 554 3842 non
576 3781 677 3842 debet.
721 3780 941 3862 Quodcunque
955 3779 1039 3842 eliud
1056 3781 1194 3862 petieris,
1215 3781 1247 3842 id
1259 3783 1398 3864 pretium
1415 3803 1476 3868 pre

489 3903 526 3942 cs
546 3879 723 3942 redimenda
746 3901 795 3940 unc
816 3879 993 3942 soluturum
1012 3881 1172 3962 polliceor.
1215 3883 1376 3966 Accipiter
1396 3883 1475 3968 rogis

489 4001 547 4042 cor
570 3980 734 4062 poposcit,
763 3978 847 4062 quod
870 3979 987 4040 Suis-ius
1015 3981 1044 4042 ei
1065 3979 1298 4044 dilacerandum
1319 3981 1424 4060 dedit,
1442 3989 1475 4046 ct

489 4079 531 4140 itu
556 4088 680 4140 necatus
694 4079 866 4161 praemium
885 4079 957 4140 fidei
974 4081 1004 4139 iu
1020 4080 1130 4142 ludrse
1151 4080 1268 4142 mundo
1289 4081 1419 4166 occepit.
1432 4115 1474 4132 -··

488 4177 558 4238 ludi
581 4179 697 4240 subules
724 4178 880 4260 designant
910 4179 1085 4241 nominibus
1107 4190 1249 4242 uotorum
1270 4181 1422 4264 copulatis
1442 4187 1475 4244 et

487 4277 592 4339 additu
614 4279 831 4340 tenuinutione
853 4283 914 4357 ira.
935 4275 1020 4340 lleec
1041 4280 1159 4342 dicitur
1185 4279 1471 4364 syene-kapdrirm

488 4379 932 4460 (subintelligiturcilleyciuaml,
945 4379 1049 4440 fitlrulu
1058 4378 1096 4440 de
1110 4379 1261 4462 accipitre
1272 4389 1306 4442 et
1319 4377 1473 4442 columbe.

488 4481 522 4540 lu
544 4479 695 4538 Blmrulea
719 4487 931 4538 memorentur
954 4489 1078 4560 praeter
1097 4479 1192 4539 lruuc:
1213 4477 1473 4558 hausoehilirmn,

487 4577 587 4637 subulo
610 4577 647 4638 de
668 4597 773 4638 nursere
795 4585 826 4636 et
847 4577 988 4650 cornice,
1008 4581 1400 4656 seruientia-uromttirom,
1425 4577 1472 4638 sr-

487 4676 558 4736 buln
581 4675 618 4736 dc
643 4677 723 4738 uulue
745 4685 775 4736 cl
798 4687 908 4748 vento3
937 4679 967 4738 iu
989 4677 1194 4758 llitopadtso:
1215 4677 1469 4756 leika-filistim,

489 4773 591 4834 liubula
616 4775 653 4834 de
682 4777 806 4836 cornice
829 4787 859 4836 et
890 4777 1005 4838 urlrore
1035 4775 1186 4860 Palmyra.
1242 4777 1316 4854 Quo
1347 4795 1385 4838 ex
1414 4795 1472 4838 usu
1563 4785 1566 4790 '
