3609 5817
667 736 1094 833 Ln.11.cn›.xl1.
1342 751 1429 837 uta

332 955 537 1024 concessisti.
587 956 679 1026 Haec
709 983 848 1026 munera
881 960 917 1026 in
952 958 1105 1055 deposito
1128 957 1259 1040 habita,
1281 957 1432 1046 domine,
1448 980 1494 1043 ¹9·

333 1102 421 1145 nunc
448 1080 623 1149 occasione
644 1081 755 1151 oblata
788 1105 851 1176 ego
873 1101 993 1177 expeto
1018 1109 1037 1150 a
1062 1101 1094 1150 te
1118 1084 1253 1176 imperii
1275 1084 1434 1165 custode,

332 1198 400 1263 fido
423 1221 596 1292 pactorum
618 1223 792 1272 servatore.
842 1205 948 1297 Ergo,
975 1204 1132 1299 religiose
1157 1206 1346 1300 pollicitus,
1372 1210 1433 1275 nisi
1446 1224 1494 1267 ²0·

332 1336 366 1385 tu
392 1324 472 1388 milri
495 1323 631 1392 dederis
657 1345 835 1420 utrumque
856 1349 994 1406 munus,
1014 1327 1079 1396 hoe
1096 1329 1170 1421 ipso
1196 1328 1253 1396 die
1282 1328 1435 1424 profecto

333 1448 432 1513 vitam
470 1448 676 1542 relinquam,
700 1465 815 1542 utpote
839 1473 858 1514 a
884 1467 916 1516 te
949 1447 1120 1542 despecta.
1169 1452 1234 1535 Qui
1259 1466 1496 1544 apparatusv·

334 1571 478 1637 solennis
503 1571 545 1637 ad
571 1575 691 1639 Bimae
719 1573 1005 1640 consecrationem
1025 1572 1196 1641 inchoatus
1217 1594 1277 1656 est,
1294 1574 1353 1642 illo
1379 1598 1436 1641 eo-

332 1694 411 1761 dem
432 1714 591 1788 opparatu
612 1696 698 1763 filius
715 1722 808 1765 mena
821 1697 976 1765 Bharatas
990 1698 1215 1791 inauguretur.
1243 1696 1342 1783 Quod
1356 1723 1436 1766 vero
1449 1711 1497 1755 ²²·

332 1815 471 1882 alterum
495 1842 633 1897 munus,
658 1816 811 1897 domine,
843 1816 924 1885 olim
960 1818 993 1885 in
1019 1816 1188 1886 Coclitum
1213 1821 1437 1914 Titanumque

332 1939 463 2031 proelio
497 1965 515 2004 a
549 1956 584 2006 te
615 1942 763 2034 propitio
795 1941 877 2007 mihi
913 1965 1109 2009 concessum
1142 1942 1214 2025 suit,
1246 1944 1343 2011 huius
1373 1948 1437 2011 ianr

331 2081 463 2154 tempus
488 2060 631 2129 advenit.
687 2066 752 2130 Per
781 2089 904 2133 novem
933 2091 1037 2134 annos
1069 2068 1220 2161 quinque
1246 2066 1368 2136 additis
1393 2067 1437 2136 ad
1449 2057 1497 2117 ²5·

330 2184 444 2250 silvam
470 2185 660 2254 Dandacam
694 2188 886 2281 profectus,
919 2192 1028 2260 tunica
1061 2190 1191 2260 elibro
1225 2209 1377 2259 contexta
1403 2210 1438 2259 et

330 2307 473 2373 nebride
498 2311 646 2390 amictus,
673 2336 801 2379 comam
826 2312 960 2405 plenam
980 2315 1104 2381 vertice
1120 2315 1294 2396 sustinens,
1320 2316 1435 2382 Remu

330 2432 549 2500 anachoretae
581 2435 681 2502 vitam
713 2434 834 2529 elegito.
884 2436 995 2504 Hodie
1020 2438 1174 2506 Bharatas
1199 2440 1233 2504 in
1258 2430 1497 2530 imperinm²i·

329 2553 402 2617 sine
429 2552 559 2622 aemulo
585 2574 778 2649 cooptetur,
812 2555 982 2653 hodieque
1016 2561 1150 2627 Rimam
1179 2560 1213 2626 in
1247 2559 1342 2629 silvas
1376 2561 1439 2627 mi-

328 2694 478 2767 grantem
500 2676 641 2744 videam.

735 2935 1030 2952 m

754 3251 905 3320 CAPUT
926 3250 1002 3317 ΧΠ.

581 3495 870 3586 nuruum
904 3514 1178 3586 naturane.

443 3776 608 3856 Protinus,
633 3773 744 3843 audita
769 3770 945 3843 Caeeetdis
970 3775 1074 3842 aunei
1106 3772 1267 3856 oratione,
1293 3794 1430 3867 magunt
1446 3794 1471 3841 r.

324 3928 383 3972 rer
408 3903 444 3970 in
469 3902 665 3994 cogitatione
691 3899 817 3968 defixus
839 3899 912 3982 suit,
939 3917 1038 3993 atque
1053 3896 1291 3992 aliquantisper
1307 3922 1430 3992 angore

324 4050 517 4121 oppressus.
576 4027 682 4093 »Num
719 4023 807 4090 forte
845 4022 1011 4090 somnium
1044 4022 1125 4088 mihi
1151 4040 1202 4090 est
1226 4024 1349 4105 visam,
1374 4040 1431 4093 aut
1441 4040 1470 4086 ²·

325 4166 503 4216 ¹’senonum
528 4165 646 4241 torpor
677 4144 816 4226 accidit,
848 4163 904 4213 aut
928 4168 1007 4214 vero
1040 4163 1234 4239 portentum
1259 4148 1429 4240 apparuit,

325 4288 401 4339 »aut
425 4271 572 4365 deniqne
602 4269 770 4337 dementia
804 4267 967 4363 quaedam
991 4292 1046 4335 me
1069 4269 1195 4362 cepitia
1254 4269 1350 4338 Talia
1374 4268 1469 4337 ae-i.

324 4421 401 4461 curn
425 4394 574 4462 uolutans
599 4417 657 4461 rer
686 4391 812 4460 nullam
836 4394 966 4485 uspiam
999 4392 1151 4484 requiem
1176 4391 1428 4486 assequebatur,

324 4536 527 4584 exsternatus
552 4542 591 4585 ac
617 4516 784 4609 trepidus,
817 4514 920 4581 veluti
945 4515 1063 4582 dorcas
1095 4511 1215 4609 tigride
1240 4532 1427 4609 conspecte.

324 4640 362 4705 1η
388 4638 479 4705 nudo
510 4657 617 4705 terrae
646 4634 876 4717 seiunctim,
909 4633 973 4701 alta
997 4636 1137 4729 arrapiria
1162 4637 1307 4722 trahent,
1331 4628 1458 4711 sicarii

323 4785 466 4852 serpeus
493 4777 670 4828 venenatus
695 4759 897 4829 carminibus
919 4775 1010 4827 arcto
1028 4755 1155 4828 circulo
1179 4757 1342 4842 inclutus,
1366 4782 1427 4853 po·

1184 4884 1229 4955 18
