3609 5817
411 768 493 849 too
708 756 797 845 Lm
828 755 862 845 1.
899 750 999 844 Car.
1034 754 1202 846 XXXI.

410 979 529 1069 cuique
556 973 673 1055 lubet3
703 976 811 1042 animo
840 999 915 1043 meo
938 993 1130 1069 praesentes
1158 1001 1270 1043 rerum
1296 975 1518 1071 gerendarum

351 1124 395 1184 ,3,
409 1099 615 1194 temporibus
641 1123 771 1166 mecum
800 1103 1044 1166 consociumini.
1095 1101 1152 1168 Isti
1176 1104 1346 1195 protinus,
1381 1103 1520 1174 salutato

408 1223 509 1290 Roma
533 1246 571 1289 ac
603 1245 728 1299 versus,
748 1219 917 1287 dexteram
946 1220 1265 1305 circumambulans,
1287 1223 1412 1291 »abiere
1435 1227 1522 1295 sicut

350 1367 394 1444 14,
409 1346 619 1414 advenerant.
679 1345 807 1428 Quibus
842 1343 1009 1425 dimissis,
1050 1346 1165 1413 Rimas
1203 1344 1327 1414 deinde
1364 1375 1522 1444 magnum

409 1492 515 1539 vatcm
541 1469 771 1536 l'isvamitram
802 1471 889 1535 inter
917 1468 1063 1534 cundum
1095 1492 1248 1536 sermone
1273 1474 1362 1538 suari
1388 1496 1427 1539 ac
1449 1497 1523 1540 mo·

351 1607 395 1668 15.
410 1594 504 1662 desto
520 1593 649 1659 affatur:
677 1590 855 1677 Quodnam
873 1611 923 1659 cst
941 1618 1057 1659 nemus
1077 1589 1166 1659 istud
1187 1592 1392 1678 umbrosum,
1417 1595 1523 1689 quod,

408 1744 510 1812 parvo
542 1713 716 1784 interuallo
747 1740 765 1780 a
799 1731 912 1781 monte
944 1732 1109 1781 remotum
1120 1764 1132 1793 ,
1171 1713 1270 1781 nttbis
1300 1713 1408 1783 simile
1442 1718 1525 1785 hinc

350 1859 393 1921 ,6,
409 1838 637 1935 conspicitur?
664 1836 702 1905 ld
728 1862 931 1931 magnopere
959 1861 1161 1931 cognoscere
1190 1841 1299 1933 cupio.
1350 1838 1409 1906 Est
1433 1841 1524 1907 enim

407 1964 568 2058 adspectu
585 1962 758 2057 pulcrum,
786 1963 914 2055 capreis
937 1960 1185 2053 frequentatum
1204 1979 1237 2029 ct
1259 1960 1442 2031 admodum
1463 1962 1525 2032 de·

407 2086 564 2157 loetabile
572 2135 582 2168 ,
609 2087 722 2153 avibus
750 2087 830 2151 uarii
856 2085 988 2177 generis
1011 2082 1110 2150 ‹lulce
1135 2087 1339 2153 cantantibus
1361 2106 1524 2154 ornatum.

350 2213 478 2304 aylam
505 2211 630 2277 emensi
657 2234 790 2287 sumus,
822 2225 933 2274 vatum
958 2208 1099 2299 optime,
1132 2206 1250 2275 saltum
1275 2210 1374 2277 istum
1398 2210 1526 2303 imper-

410 2335 515 2416 vium,
542 2336 612 2400 visu
630 2331 848 2412 horrendum,
876 2349 1036 2424 quantum
1053 2329 1211 2424 equidem
1229 2330 1350 2426 colligo
1369 2356 1410 2399 ex
1424 2332 1523 2412 buius

351 2470 396 2536 18,
410 2460 555 2551 regionis
582 2458 788 2525 amoenitate.
829 2454 957 2521 Cuncta
982 2454 1063 2519 mihi
1089 2456 1296 2535 enarra,t·i1·
1321 2453 1525 2522 venerande:

411 2582 583 2646 cuiusnam
609 2598 659 2647 cst
682 2580 737 2645 bic
760 2602 927 2657 secessus,
955 2602 1056 2669 quem
1079 2578 1228 2644 invasere
1249 2578 1386 2674 maligni
1409 2581 1464 2647 isti
1486 2605 1526 2649 nc

351 2700 529 2787 19.uesarii
564 2700 762 2791 religionum
798 2700 1007 2780 turbatores,
1049 2699 1179 2766 crudeli
1215 2702 1356 2771 consilio
1395 2727 1528 2770 sacrum

412 2839 506 2888 tuum
524 2820 757 2916 impediendi?
785 2823 955 2905 Quaenam
982 2843 1031 2891 est
1054 2825 1111 2892 illa
1136 2827 1246 2920 regio,
1272 2828 1330 2894 ubi
1355 2844 1391 2893 tu
1415 2851 1528 2894 aream

348 2964 395 3003 20·
412 2946 629 3013 sacrificalem
655 2944 849 3038 apparasti?
883 2948 999 3012 blcum
1025 2965 1094 3028 est,
1122 2952 1332 3017 securitatem
1358 2968 1528 3044 praestaro

413 3071 630 3137 caeremoniis
662 3093 699 3132 ae
732 3069 872 3135 caedere
899 3069 1066 3163 Gigantes.
1124 3074 1216 3155 Quae
1250 3076 1360 3140 omunia
1391 3072 1528 3141 edoceri

413 3192 532 3282 cupio,
558 3193 831 3261 anachoretarum
853 3196 1141 3288 praestantissime.

826 3490 1111 3507 w

824 3812 973 3879 CAPUT
1014 3814 1136 3880 XXXI.

547 4000 837 4093 Comtomuo
867 4032 908 4093 m
939 4032 1078 4095 ramo
1110 4029 1405 4100 consumare.

381 4328 405 4366 ¹,
516 4282 560 4348 At
585 4281 716 4349 excelso
745 4282 957 4353 adolescente
983 4285 1025 4353 dc
1052 4287 1131 4356 silva
1156 4291 1216 4356 ista
1243 4292 1446 4371 sciscitante,
1471 4316 1531 4358 au·

379 4445 407 4485 2,
423 4423 533 4494 gustus
556 4407 769 4474 Visuaimitras
796 4435 866 4475 rem
892 4435 1061 4503 exponere
1087 4416 1207 4508 coepit.
1247 4415 1327 4495 llic,
1353 4414 1531 4483 fortissime

423 4528 521 4594 Rama
535 4581 545 4611 ,
581 4535 715 4625 inquit,
743 4553 873 4602 sanctus
899 4536 956 4604 ille
982 4538 1127 4608 Vishnus
1153 4537 1216 4604 diis
1242 4535 1450 4606 venerandus
1472 4538 1533 4606 ht·

422 4650 551 4722 bitasit.
576 4673 611 4720 ut
633 4658 839 4725 castimonias
857 4679 1027 4727 exerceret
1045 4679 1078 4728 et
1092 4662 1364 4756 contemplationi
1392 4681 1532 4730 vacaret.

381 4790 408 4849 3,
423 4775 588 4866 Antiquos
623 4778 677 4845 bic
705 4804 834 4845 cremus
865 4781 1057 4873 pumilionis
1089 4786 1287 4877 magnanimi
1324 4785 1409 4865 brit,
1441 4784 1534 4853 Con-
