3609 5817
451 749 536 832 tto
765 742 856 830 Ln-
886 738 923 831 1.
958 735 1060 829 Car.
1090 738 1231 830 Lxx.

449 959 530 1028 inde
550 961 706 1056 prosapia
731 960 1080 1040 incontaminatorum,
1105 960 1341 1052 piissimorum,
1367 957 1411 1024 ab
1435 957 1556 1028 lasset

388 1080 552 1180 isigonus
581 1083 841 1165 deducentium,
876 1084 1017 1153 heroum
1041 1084 1108 1150 lide
1133 1082 1319 1178 insignium.
1376 1081 1498 1149 Bimae
1521 1102 1556 1151 et

448 1208 606 1273 humani
630 1208 765 1273 nomine
788 1206 899 1272 amhae
924 1205 1007 1272 filias
1031 1223 1120 1286 tuas,
1152 1230 1172 1274 o
1196 1229 1272 1289 rcx,
1297 1223 1441 1301 nuptum
1463 1224 1554 1302 peto.

445 1334 584 1402 Paribus
610 1353 709 1425 pares
734 1329 906 1398 nobilitate
926 1328 1055 1424 puellas
1079 1332 1218 1423 iungere
1242 1347 1274 1397 te
1301 1328 1408 1398 ‹lecct

466 1561 761 1576 —n--u-u-

567 1696 606 1759 ad
627 1696 830 1758 Dasaratham
850 1693 978 1776 triginta
998 1700 1137 1777 quatuor
1156 1693 1271 1755 lllrmac
1293 1692 1436 1758 maiora.
1470 1692 1555 1756 Nihil

566 1799 632 1859 sere
652 1797 777 1857 variant
805 1794 927 1856 codices
953 1795 1116 1878 utriusque
1145 1793 1331 1855 recensionis
1357 1793 1390 1855 in
1418 1795 1500 1858 serie
1520 1803 1555 1856 et

566 1913 695 1959 numero
717 1918 824 1978 regum
837 1895 1018 1979 Ayhdhyae,
1039 1895 1096 1954 nisi
1119 1893 1205 1977 qnod
1223 1893 1436 1956 Guzcratensis
1447 1901 1556 1956 noster

566 1999 647 2057 inter
677 1995 859 2055 Trisnncum
895 2002 927 2053 et
954 1991 1234 2054 Dhundhumanm
1268 1993 1443 2076 interponit
1477 1991 1555 2056 Ha·

564 2096 775 2156 risehundmm
806 2102 837 2155 et
865 2092 1061 2166 Hitdsvam,
1097 2113 1235 2177 quorum
1268 2094 1430 2154 nominum
1464 2093 1553 2174 prins

565 2194 689 2255 aliunde
715 2202 760 2254 est
785 2200 917 2268 notum,
943 2190 996 2252 sed
1023 2190 1095 2252 hinc
1130 2191 1272 2252 alienum.
1337 2191 1407 2252 Hoc
1437 2191 1553 2254 Rtm
1618 2249 1623 2258 .

564 2306 693 2357 stemma
713 2294 778 2354 sine
797 2292 892 2352 duhio
916 2299 962 2352 cst
981 2291 1164 2373 genuinum,
1190 2290 1222 2352 id
1241 2301 1287 2354 est
1306 2300 1414 2354 t'cterc
1431 2311 1553 2354 memo-

567 2396 612 2456 ria
633 2393 792 2459 traditum.
846 2394 953 2474 h'cque
981 2391 1063 2451 enim
1092 2393 1244 2453 maiorem
1274 2393 1302 2453 ei
1331 2391 1554 2454 auctoritatn

563 2518 656 2578 quarn
684 2492 867 2575 genealogiis
890 2495 1081 2552 Graecorum
1108 2491 1243 2553 heroicis
1274 2492 1312 2552 ah
1334 2491 1446 2554 lnacho
1478 2489 1550 2556 iude

564 2593 703 2654 deductis
726 2590 924 2652 tribuendum
945 2612 1026 2666 esse,
1062 2590 1160 2651 multo
1192 2591 1292 2650 nrirrns
1315 2589 1554 2674 chronologiam

566 2698 699 2777 aliquam
732 2697 803 2755 inde
837 2696 961 2755 extundi
991 2717 1079 2776 posse
1111 2696 1258 2756 arbitror.
1310 2697 1422 2760 Notari
1450 2703 1552 2757 lamen

566 2806 706 2856 meretur
726 2795 892 2854 multitudo
922 2796 1081 2855 nominum
1110 2797 1264 2877 seriesque
1295 2805 1358 2857 tarn
1386 2807 1551 2882 perpetua,

565 2917 661 2978 quum
683 2894 878 2976 genealogiae
899 2894 1081 2954 Homericae
1111 2896 1157 2954 vix
1188 2895 1270 2954 ultra
1293 2897 1434 2979 quintum
1453 2919 1550 2980 geue-

565 2995 718 3056 rutionem
744 3003 815 3055 ante
847 3002 991 3075 ternpore
1022 2993 1159 3055 Troiana
1190 2994 1366 3056 ascendant.
1435 2997 1553 3062 Poetae

562 3093 711 3169 seriores,
732 3092 833 3155 nescio
854 3091 974 3176 quade
997 3113 1119 3169 caussa,
1142 3093 1239 3154 multa
1258 3114 1320 3176 pro
1338 3093 1472 3157 arbitaio
1492 3118 1550 3160 suo

560 3203 732 3271 mutarunt,
754 3201 790 3254 nt
806 3191 912 3256 videre
932 3202 978 3254 est
996 3215 1031 3255 ex
1051 3194 1311 3256 lihroFaaserser
1333 3193 1551 3259 llaurtroutaz

563 3295 766 3374 Genealogies
786 3297 827 3374 os
839 3296 888 3355 the
906 3293 1041 3367 Hindrn,
1063 3294 1246 3376 Edinburgh
1261 3293 1350 3362 1819.
1381 3297 1410 3358 la
1424 3295 1553 3380 quidem

560 3394 679 3455 diversa
695 3403 855 3455 stemmata
870 3414 979 3476 regum
993 3392 1159 3477 Ayhdhyae
1179 3393 1304 3456 exhibet
1326 3415 1345 3455 c
1364 3395 1551 3458 carminibus

560 3491 956 3573 Sri-Btdgavaut-‹iuo
977 3501 1008 3554 et
1028 3492 1209 3554 Horivansa
1229 3491 1337 3570 dietis,
1363 3493 1498 3579 deniqne
1518 3495 1551 3556 in

558 3593 668 3654 ultima
685 3591 803 3652 Tubulo
820 3593 912 3654 XXV
932 3592 1062 3674 apponit
1087 3615 1122 3652 ex
1141 3591 1288 3654 llamcide
1310 3591 1418 3656 herois
1436 3615 1551 3678 genet·

560 3691 673 3774 logiam
700 3691 792 3772 plane
821 3711 892 3751 cum
920 3700 1007 3753 textu
1036 3701 1143 3754 nostro
1174 3701 1422 3775 congruentem,
1457 3717 1550 3778 qnam

561 3793 666 3875 primo
697 3789 767 3852 loeo
807 3789 977 3852 exhibuisse
1007 3794 1187 3874 oportebat.
1252 3792 1406 3876 impendit
1437 3803 1551 3858 auctor

559 3889 650 3952 huius
669 3889 760 3966 libri,
781 3890 845 3972 ipse
867 3891 988 3973 linguae
1008 3893 1178 3955 Senseritae
1199 3895 1342 3977 ignarus,
1364 3893 1551 3958 laudabilem

562 3990 753 4073 diligentiam
773 3991 803 4050 in
825 3992 1000 4052 nominibus
1030 3995 1143 4055 rectius
1169 3994 1358 4072 scribendis,
1392 4017 1487 4078 qnam
1514 3993 1548 4056 id

562 4090 601 4151 ab
626 4089 689 4150 eius
715 4089 918 4171 popularibus
946 4092 1014 4151 heri
1034 4094 1134 4168 solct;
1165 4103 1195 4156 et
1215 4095 1323 4155 utilem
1341 4115 1469 4177 operam
1489 4115 1548 4158 nt-

561 4198 682 4268 t'asset,
704 4186 871 4251 dummodo
893 4191 980 4251 misse
1002 4193 1120 4255 fecisset
1139 4194 1258 4256 somnia
1279 4193 1498 4278 chronologica
1517 4203 1550 4256 et

562 4289 742 4370 opinionem
762 4310 853 4372 saepe
875 4301 1051 4370 recoctam,
1073 4292 1190 4354 dudum
1211 4294 1380 4376 explosam,
1397 4294 1437 4357 de
1455 4294 1549 4379 poly-

562 4387 692 4449 theismo
723 4411 759 4449 ex
791 4388 951 4471 apotheosi
980 4393 1157 4455 mortalium
1178 4401 1258 4454 orto.
1309 4395 1477 4472 Ceterum,
1511 4399 1548 4454 ut

561 4497 649 4549 recto
669 4489 779 4551 ordine
799 4489 1036 4571 procederetur,
1059 4504 1130 4555 ante
1153 4494 1256 4555 onmia
1276 4503 1365 4556 crant
1385 4493 1546 4556 excutien-

564 4589 624 4664 da,
658 4610 860 4673 quaecunque
886 4592 1074 4675 genealogici
1098 4595 1270 4678 argarmenti
1291 4595 1322 4654 in
1341 4591 1493 4656 lec'ide
1515 4601 1548 4656 ct

561 4685 712 4749 Bhnratea
733 4689 886 4771 leguntur.
935 4691 1030 4754 Plane
1051 4713 1115 4753 non
1142 4692 1308 4756 andiendus
1329 4702 1376 4756 est
1396 4693 1547 4768 domiue,

559 4789 623 4852 (As.
636 4789 707 4848 hes.
726 4790 803 4849 Von.
817 4792 850 4850 u.
875 4791 927 4852 On
949 4793 998 4854 the
1018 4794 1203 4875 chronology
1219 4799 1317 4874 effetae
1332 4793 1470 4872 liuidus)
1491 4791 1546 4878 qni
