3609 5817
426 697 510 780 202
721 690 813 780 Ias.
844 688 879 780 1.
914 685 1018 782 Car.
1045 686 1259 820 LXVIII.

426 928 497 977 rate
522 911 553 977 ei
578 927 680 976 totam
709 932 782 976 rem
808 926 974 1002 exponant
1004 907 1047 976 de
1076 908 1188 1002 puella
1223 927 1379 1002 tanqum
1402 909 1530 976 virtutis

369 1055 419 1120 25,
429 1032 576 1127 praemio
611 1050 753 1125 nuptam
785 1029 917 1117 danda3
954 1032 1114 1100 nuncient
1145 1055 1281 1126 quoque
1309 1031 1399 1124 regi,
1433 1032 1531 1099 ambo

429 1152 660 1223 Cacutsthidas
679 1174 712 1222 te
725 1153 880 1235 custode,
905 1156 957 1222 vir
974 1174 1103 1236 sancte,
1126 1153 1308 1223 incolumes
1325 1179 1407 1221 esse.
1432 1153 1532 1238 Quod

370 1311 420 1375 ²7·
429 1278 458 1344 si
482 1280 553 1370 regi
585 1279 651 1346 hoc
676 1297 805 1372 gratum
836 1280 896 1361 sit,
930 1280 995 1347 cito
1024 1304 1101 1346 cum
1122 1278 1298 1346 adducant.
1357 1275 1533 1346 Cusicides

429 1425 508 1469 vero
532 1428 635 1495 quum
660 1428 828 1470 assensum
860 1429 956 1470 suum
981 1403 1213 1496 significasset,
1242 1403 1318 1494 pins
1353 1401 1534 1466 1111111111-

431 1543 514 1594 stros
540 1524 725 1596 admonitos
751 1551 827 1592 eum
848 1524 1011 1593 mandatis
1035 1524 1079 1592 ad
1105 1524 1303 1619 dyddhyam
1329 1522 1463 1590 dimisit.

870 1769 1139 1785 w

805 2106 955 2173 CAPUT
1004 2102 1155 2176 LXVlll.

653 2315 922 2407 Lucamnun
957 2342 1101 2408 rannci
1134 2339 1303 2405 orario.

398 2685 424 2728 ι,
531 2649 615 2717 lassi
640 2676 658 2716 a
682 2650 804 2719 Janaco
840 2652 958 2745 legati,
993 2652 1132 2746 fatigatis
1157 2652 1329 2730 iumentis,
1361 2667 1539 2742 postquam

433 2790 484 2838 ter
508 2773 543 2839 in
564 2773 683 2839 itinera
701 2793 993 2866 pernoctaverant,
1016 2776 1135 2843 urbem
1146 2772 1345 2869 Ayddhymn
1366 2774 1539 2840 intravere.

393 2914 421 2955 1.
432 2894 483 2960 lbi
504 2897 591 2988 regis
622 2897 712 2961 iussu
750 2895 793 2962 ad
823 2895 961 2965 domum
995 2900 1120 2992 regiam
1152 2898 1298 2965 arcessiti
1334 2917 1540 2988 conspexere

431 3016 654 3110 grandaevum
685 3020 919 3102 Dassa-atham,
959 3019 1117 3113 dignitate
1149 3019 1213 3087 diis
1247 3015 1539 3112 aequiparabilem.

392 3141 521 3209 &Tum
546 3139 644 3236 legati
671 3141 782 3210 cuncti
806 3141 958 3206 manibus
984 3141 1182 3235 suppliciter
1202 3141 1390 3234 protensis,
1420 3139 1542 3206 umere

432 3266 595 3359 seposito,
630 3288 741 3333 coram
773 3287 851 3357 rege
884 3287 1073 3330 sermonem
1103 3265 1194 3331 hunc
1230 3259 1418 3331 modestum
1449 3259 1542 3328 111111

392 3392 513 3473 dacco
539 3386 731 3480 protulere:
759 3388 900 3454 lanacns
926 3413 986 3454 rex
1010 3388 1204 3457 Videhanus
1237 3413 1277 3454 ex
1303 3404 1352 3468 te,
1385 3383 1541 3466 domine,

432 3509 496 3577 sibi
522 3509 739 3589 amicissimo,
774 3511 922 3601 quaerit,
954 3508 1078 3602 ecquid
1112 3508 1287 3577 commode
1318 3506 1426 3576 valeas
1461 3531 1542 3574 cum

396 3641 424 3705 5,
435 3632 591 3699 ministris
617 3631 882 3725 religionumque
908 3632 1080 3699 antistite?
1139 3629 1271 3698 Deinde
1297 3631 1456 3698 certiores
1480 3652 1544 3696 nos

433 3753 537 3820 factos
571 3751 614 3821 dc
648 3756 776 3846 integra
807 3774 861 3822 tua
896 3753 1087 3822 conditione
1120 3752 1272 3821 lllithilae
1299 3754 1460 3846 princeps
1480 3753 1544 3819 Vi-

435 3875 603 3958 delranus,
634 3876 791 3944 Cusicide
817 3879 1031 3959 assentiente,
1064 3879 1130 3944 suis
1165 3877 1275 3944 verbis
1306 3877 1389 3942 haec
1411 3875 1540 3969 profari

395 3999 424 4063 6.
437 4001 542 4067 iussit:
567 3999 687 4066 »Fides
712 3999 792 4066 olim
813 4000 950 4092 publice
976 3999 1152 4081 (1111111111,
1178 3999 1280 4066 liliam
1303 4023 1410 4064 meam
1435 4000 1545 4066 uirtu-

435 4124 476 4189 tis
502 4123 688 4214 praemium
713 4123 808 4207 lore3
839 4149 1001 4217 regesque
1021 4123 1281 4217 indignabundi,
1308 4122 1400 4216 qnod
1422 4123 1546 4190 virtute

396 4265 425 4327 7·
436 4242 583 4310 destituti
617 4243 769 4325 fuerant,
808 4242 938 4312 deiecto
976 4244 1068 4313 vultu
1100 4247 1265 4319 abierunt.
1326 4245 1388 4313 llla
1425 4243 1548 4312 eadem

435 4366 502 4432 lilia
528 4392 602 4434 mea
632 4366 772 4435 sortibus
804 4367 880 4435 liliis
912 4372 997 4452 tuis,
1031 4371 1090 4463 qui
1114 4371 1311 4438 Visvalmitra
1341 4368 1429 4435 duce
1454 4365 1548 4434 ultro

395 4499 426 4566 8.
436 4514 490 4555 me
516 4511 756 4574 convenerant,
793 4494 983 4560 certaminis
1014 4490 1087 4585 lege
1119 4493 1270 4561 debetur.
1332 4493 1465 4562 Etenim
1492 4493 1549 4558 in·

435 4613 528 4703 signe
554 4615 643 4681 istud
667 4617 805 4709 pignus,
830 4642 925 4684 arcus
951 4615 1082 4683 diuinus
1107 4643 1125 4683 a
1149 4620 1249 4685 Raima
1273 4617 1483 4710 magnanimo
1509 4615 1548 4682 in

433 4733 545 4802 medio
583 4735 749 4807 dilliactus
785 4758 855 4821 ost,
896 4765 916 4809 o
957 4743 1055 4810 heros
1068 4793 1079 4823 ‚
1120 4765 1231 4808 coram
1272 4740 1547 4834 frequentissimo
