3609 5817
397 713 449 793 te
632 678 637 699 '
765 701 859 789 nn.
893 697 926 786 1.
964 694 1063 790 cn.
1097 697 1130 785 1.

392 921 615 990 Hannmantes
641 918 739 985 maris
763 917 839 987 salsi
863 916 1010 998 fretum,
1048 941 1112 1014 per
1142 934 1274 985 eentum
1305 942 1500 1013 parasangas

329 1062 376 1126 7¹·
392 1071 592 1140 expansum,
618 1044 789 1113 transiluit.
841 1046 915 1128 Quo
942 1041 1027 1111 sacto
1054 1068 1129 1111 cum
1149 1042 1267 1110 urbem
1286 1044 1429 1109 Lancam
1447 1046 1500 1109 in-

391 1188 512 1251 u’ttrct,
545 1169 694 1236 Rdtanae
719 1135 861 1259 imperio
886 1184 1078 1259 parentem,
1110 1166 1158 1230 ibi
1185 1167 1357 1257 conspexit
1376 1164 1501 1235 Sitam.

328 1307 376 1370 7²·
390 1289 663 1360 meditabundam
687 1292 723 1357 in
745 1288 900 1357 viridario
920 1292 1044 1358 Asocts
1073 1279 1123 1373 ¹4)
1150 1312 1266 1382 opaco.
1316 1290 1502 1357 Monstrato

390 1422 422 1487 ei
445 1422 588 1513 pignore
612 1442 756 1501 arcano,
791 1420 986 1512 coeptisque
1008 1417 1127 1485 Rimas
1153 1418 1332 1511 expositis,
1358 1411 1421 1481 alio
1447 1414 1502 1506 pi-

390 1567 495 1636 gnore
521 1544 665 1611 invicem
682 1540 723 1605 ab
743 1538 799 1605 illa
824 1559 975 1632 accepto,
1001 1539 1165 1632 confregit
1188 1536 1334 1604 viridarii
1358 1552 1498 1628 portam.

327 1664 376 1746 73·
390 1666 547 1761 Quinque
569 1660 742 1757 copiarum
767 1661 930 1744 ducibus,
963 1687 1026 1728 nec
1052 1686 1122 1729 non
1147 1680 1274 1754 septem
1298 1656 1375 1725 filiis
1400 1660 1499 1723 mini-

389 1805 533 1855 strorum
558 1789 645 1878 regis
674 1786 795 1863 caesis,
832 1781 1043 1851 adolescente
1067 1786 1139 1849 Axo
1166 1783 1330 1862 contrito,
1364 1779 1499 1848 tandem

326 1910 423 1995 pise
449 1908 526 2001 capi
550 1931 666 2001 passus
693 1921 750 1973 est.
801 1907 911 1988 Quum
934 1929 952 1968 e
982 1903 1102 1995 laqueo
1128 1921 1233 1970 semet
1262 1906 1335 1997 ipse
1361 1900 1501 1994 expedi-

387 2031 504 2112 visset,
527 2030 645 2121 agnitis
666 2046 776 2095 tamen
792 2026 907 2119 Magni
919 2028 1067 2094 Parentis
1086 2024 1182 2094 donis
1203 2025 1295 2094 hosti
1310 2031 1499 2100 concessis,

326 2163 373 2246 75.
388 2179 445 2221 sua
472 2170 592 2245 sponte
616 2150 711 2219 sortis
737 2147 795 2217 ille
821 2151 968 2242 gigantes
992 2167 1133 2217 tortores
1159 2147 1317 2216 toleravit
1368 2146 1500 2215 Deinde

388 2277 473 2345 urbe
492 2277 603 2342 Lance
623 2277 778 2353 incensa,
805 2271 916 2365 puelia
936 2271 1120 2338 Mithilensi
1142 2270 1253 2341 denuo
1275 2275 1361 2354 visa,
1386 2298 1500 2340 rerer·

386 2426 441 2469 sus
465 2418 516 2470 est
534 2400 647 2467 simius
669 2422 850 2491 procerus,
878 2414 915 2463 ut
935 2397 1054 2462 Bimae
1075 2398 1227 2463 nuntium
1249 2414 1379 2489 gratum
1399 2394 1499 2461 affer·

324 2526 373 2611 76.
386 2543 445 2592 ret.
479 2526 587 2608 Quem
607 2540 793 2602 assecutus,
819 2523 1064 2614 magnanimum
1081 2519 1336 2587 venerabundus
1355 2521 1498 2587 circum-

387 2642 585 2724 ambulavit,
626 2660 659 2709 et
684 2641 864 2709 admodum
888 2641 993 2709 laetus
1018 2642 1196 2707 certiorem
1219 2641 1317 2724 secit,
1350 2640 1454 2709 Situm
1479 2669 1498 2708 a

236 2795 241 2802 ·
324 2795 372 2858 ῃ.
387 2789 423 2833 se
443 2790 514 2833 esse
538 2765 649 2832 visam.
699 2766 798 2831 Tunc
811 2764 948 2848 nemas,
974 2764 1114 2858 Sugrivo
1137 2767 1332 2849 comitante,
1359 2764 1403 2831 ad
1419 2763 1497 2834 litus

384 2890 484 2956 maris
504 2890 657 2954 immensi
680 2888 869 2981 proiectus,
892 2887 1064 2955 Oceanum
1086 2890 1253 2956 concussit
1273 2887 1395 2982 sagittis
1416 2885 1496 2955 solis

322 3023 372 3109 78,
385 3009 496 3080 radios
514 3010 763 3079 aemulantibus.
799 3010 964 3093 Oceanus,
987 3013 1163 3079 fluviorum
1185 3011 1359 3094 dominus,
1387 3036 1500 3079 coram

386 3130 642 3228 adspiciendum
659 3156 695 3198 sc
716 3128 828 3212 dedit,
854 3133 992 3225 eiusque
1018 3130 1062 3199 de
1086 3132 1224 3203 consilio
1244 3135 1362 3226 Rimas
1377 3133 1499 3202 Nalnm

322 3290 372 3355 79„
384 3272 525 3349 pontem
552 3255 690 3347 iungere
725 3254 843 3335 iussit,
879 3277 948 3347 quo
983 3272 1083 3322 strato
1113 3257 1260 3326 Lancam
1283 3281 1498 3352 progressus,

383 3379 513 3448 Rivana
537 3379 573 3445 in
597 3377 776 3446 certamine
801 3401 917 3461 caeso,
948 3378 1195 3447 Vihhtshanum
1219 3381 1256 3449 in
1281 3381 1366 3448 urbe
1388 3383 1499 3449 Lance

321 3522 370 3585 80,
383 3505 552 3598 gigantum
577 3504 767 3596 principem
791 3504 1005 3597 inauguravit.
1057 3502 1127 3571 Stia
1151 3502 1275 3572 deinde
1298 3523 1496 3600 recuperata

312 3712 315 3718 Ι
383 3628 503 3710 heros,
536 3649 664 3694 summo
691 3621 823 3718 pudore
854 3625 1012 3707 affectus,
1050 3645 1146 3694 coetu
1182 3628 1350 3722 frequenti
1386 3652 1498 3695 coram

320 3748 549 3841 8r.probrose
575 3772 648 3813 eam
673 3744 835 3813 allocutus
862 3764 920 3812 est.
971 3744 1142 3841 Indignata
1168 3774 1246 3816 vero
1266 3749 1353 3833 Sita,
1377 3749 1498 3817 mulier

385 3885 490 3950 casta,
512 3867 660 3934 flammas
685 3869 836 3949 intravit,
871 3883 910 3934 ut
932 3891 969 3932 se
995 3871 1162 3936 intactum
1184 3871 1357 3963 probaret.
1407 3876 1497 3940 Tum

319 4003 463 4067 &aura
488 3989 640 4058 coelestis
666 3993 823 4084 spiravit,
849 4008 883 4059 et
906 4015 967 4059 vox
993 3993 1213 4086 incorporalis
1235 3999 1402 4066 insonuit:
1426 4023 1494 4091 quo

382 4116 472 4208 Ignis
506 4116 716 4196 testimonio,
759 4116 924 4210 simulque
956 4119 1058 4209 patris
1084 4122 1135 4186 sui
1160 4121 1340 4190 venerandi
1366 4123 1498 4190 hortatu

423 4430 479 4510 14)
498 4436 625 4498 lonest'a
634 4435 741 4513 Aesica,
756 4448 802 4500 est
817 4439 976 4500 arbustum
990 4440 1254 4518 formosissimum,
1273 4442 1402 4504 floribus
1421 4466 1494 4503 cro-

506 4536 582 4622 ceis,
605 4545 700 4600 noctu
718 4536 884 4600 odoriferis
902 4539 1028 4622 insigne.
1057 4542 1137 4602 Vide
1153 4543 1396 4624 descriptionem
1410 4546 1496 4604 lton-

506 4635 631 4717 burgbii
652 4638 682 4697 in
697 4641 802 4699 Astnt.
819 4640 886 4700 Res.
900 4640 972 4699 vol.
982 4641 1019 4699 V.
1050 4643 1232 4723 Saepissime
1253 4642 1363 4703 indunt
1381 4653 1494 4723 poeitae

507 4735 699 4806 innomine,
723 4737 808 4818 qaut
830 4726 948 4799 ἄλυπον
967 4741 1031 4801 sive
1052 4740 1250 4803 παυσίλυπον
1270 4750 1369 4804 sonet.
