3609 5817
423 702 502 782 106
701 692 788 779 Lm.
821 691 855 781 l.
893 687 993 780 Car.
1024 689 1241 781 XXXIII.

378 930 405 989 7·
419 911 555 990 simum,
581 933 648 1003 quo
673 935 734 977 nos
759 910 1021 1003 proficiscemur.
1056 912 1109 976 Tu
1137 934 1290 1004 quoque,
1315 912 1443 1012 iuvenis
1463 937 1529 982 no-

418 1032 600 1112 bilissime,
629 1031 749 1102 codem
772 1058 916 1126 perges,
947 1034 1006 1098 ubi
1032 1058 1146 1101 arcum
1170 1032 1357 1102 mirabilem
1377 1037 1530 1102 maximi·
1559 1087 1565 1094 -

373 1148 406 1216 θ·
419 1182 487 1251 que
518 1158 618 1251 pretii
644 1158 750 1225 visere
779 1175 810 1225 te
837 1175 978 1251 oportet
1029 1158 1060 1225 Is
1087 1182 1185 1225 arcus
1210 1160 1372 1228 immenso
1402 1159 1527 1227 robore

420 1281 597 1364 terribilis,
623 1279 862 1360 lucidissimus,
888 1278 969 1348 olim
983 1307 1002 1345 a
1022 1304 1178 1348 consessu
1199 1280 1340 1350 deorum
1362 1280 1459 1351 datus
1478 1281 1531 1350 illi

375 1415 406 1477 9·
420 1422 471 1475 est
495 1406 647 1473 sacrificii
673 1407 858 1472 occasione.
897 1403 984 1473 Huic
1008 1402 1179 1473 tendendo
1203 1390 1272 1472 non
1292 1406 1349 1472 Dii
1373 1423 1453 1473 sunt
1468 1430 1529 1499 pt-

420 1554 473 1599 res
480 1580 491 1613 ,
511 1555 575 1597 nec
595 1530 622 1596 F
623 1529 764 1598 idicines
791 1528 968 1611 coelestes,
995 1554 1059 1597 nec
1082 1529 1249 1620 Titanes,
1270 1553 1334 1597 nec
1353 1529 1528 1624 Gigantes:

363 1670 406 1710 ¹0·
421 1671 544 1747 quanto
563 1655 672 1719 minus
689 1653 789 1747 igitur
812 1650 987 1719 homines?
1015 1654 1125 1736 Quum
1150 1670 1257 1718 terrae
1283 1650 1412 1720 domiui
1433 1678 1530 1722 arcus

421 1776 513 1842 istius
539 1778 693 1842 virtutem
724 1772 870 1868 experiri
895 1793 1074 1867 cuperent,
1110 1800 1186 1841 cum
1211 1773 1350 1845 tendere
1373 1800 1444 1846 non
1468 1802 1531 1873 po·

362 1913 407 1952 Η·
420 1918 514 1966 tuere
554 1896 747 1966 validissimi
784 1924 901 1992 regum
932 1898 1001 1965 filit
1053 1899 1149 1966 Hune
1181 1924 1296 1967 arcum
1330 1903 1531 1995 magnanimi

422 2020 663 2089 Mitbilcnsium
687 2022 792 2113 regis,
818 2019 1088 2100 oCaeutsthide,
1120 2021 1284 2115 sirnulque
1311 2047 1443 2090 sacrum
1467 2027 1531 2094 ml·

365 2144 527 2211 ¹2·rabile
560 2147 607 2210 ibi
644 2146 818 2236 spectabis.
870 2144 1070 2212 Mitbilensis
1104 2146 1260 2212 nimirum
1290 2148 1394 2214 hocce
1429 2148 1532 2217 telum

423 2271 765 2361 praestantissimum,
799 2271 895 2337 mmo
929 2268 1088 2337 umbilico
1125 2274 1344 2351 instructum,
1376 2290 1533 2367 tanquam

366 2404 411 2470 ιδ.
424 2393 577 2460 sacrificii
603 2398 787 2485 praemium
808 2395 849 2460 ab
869 2397 1029 2463 universis
1041 2398 1112 2462 Diis
1135 2396 1354 2487 expetiverat,
1379 2397 1414 2464 in
1439 2400 1531 2466 cuius

425 2517 511 2609 regis
538 2515 638 2584 domo
663 2516 699 2582 id
729 2516 891 2586 sacrifieIo
924 2517 1135 2611 impetratum
1162 2521 1361 2610 permansit,
1386 2519 1534 2585 cohone-

366 2642 411 2717 ¹4·
425 2658 544 2707 statum
563 2642 660 2707 variis
686 2638 846 2708 odoribus
869 2640 1129 2735 suffimentisquc
1147 2644 1233 2709 bene
1259 2642 1435 2712 olentibus.
1474 2644 1536 2710 Di.

427 2766 486 2832 ctis
512 2766 692 2831 assentiens
718 2764 853 2844 Rdmas,
888 2788 1068 2857 generosae
1093 2764 1215 2834 indolis
1241 2765 1456 2849 adolescens,
1478 2792 1535 2837 ac·

426 2890 528 2958 cinxit
553 2914 588 2958 sc
614 2888 656 2955 ad
681 2887 964 2980 proficiscendum
990 2859 1071 2954 cumt
1083 2890 1210 2957 vatibus
1229 2892 1316 2972 istis,
1345 2892 1535 2984 quiVisval-

367 3015 411 3076 15.
425 3016 554 3081 mitram
580 3015 814 3106 sequebantur.
851 3014 897 3080 At
920 3015 993 3106 ipsc
1015 3014 1065 3084 vir
1089 3033 1241 3094 sanctus,
1268 3012 1474 3085 discessurus
1492 3017 1537 3086 ad

425 3139 545 3205 urbem
568 3136 750 3221 Melitam,
773 3138 909 3203 numina
933 3137 1094 3205 silvestria
1119 3139 1211 3206 hisce
1235 3138 1345 3206 verbis
1370 3138 1535 3210 adoravit:

368 3268 413 3332 ι6.
425 3264 494 3333 Vos
513 3287 646 3345 omnes,
660 3259 780 3333 talete!
796 3262 965 3357 Equidem
982 3280 1237 3347 consummatus,
1253 3260 1449 3358 relinquens
1460 3288 1537 3334 cre·

424 3413 516 3454 mum
541 3387 828 3470 Consummatum,
853 3388 1055 3455 Himavantis
1078 3389 1154 3480 iuga
1174 3388 1209 3453 in
1234 3385 1392 3455 tdteriore
1411 3387 1537 3484 Gangis

368 3532 413 3594 17.
424 3514 499 3604 ripa
527 3509 637 3578 adibo.
687 3508 819 3576 Deinde
852 3534 964 3577 cremo
997 3533 1111 3576 versus
1136 3506 1306 3575 dexteram
1338 3509 1537 3577 circumam-

425 3632 557 3714 bulato,
584 3636 734 3727 egregius
759 3635 980 3715 anachoreta,
1006 3631 1050 3700 ad
1074 3632 1337 3725 septentrionem
1361 3656 1435 3699 sese
1454 3631 1538 3699 diri·

369 3757 413 3821 18.
427 3782 523 3851 gens,
548 3755 708 3850 progredi
724 3759 844 3849 coepit.
883 3756 1155 3823 proficiscentem
1177 3754 1419 3822 comitabantur
1436 3753 1541 3823 disei-

426 3883 499 3977 puli
525 3884 711 3950 divinarum
736 3907 850 3948 rerum
871 3881 1028 3962 studiosi,
1054 3906 1131 3947 cum
1150 3898 1285 3947 eentum
1304 3902 1373 3947 non
1395 3877 1541 3972 urnplius

367 4007 581 4102 ¹9·plaustris
602 4006 731 4075 adhoc
755 4009 819 4075 itcr
843 4008 975 4098 paratis.
1007 4006 1168 4072 Ferarum
1192 4022 1437 4072 mansuetorum
1452 4027 1541 4098 quo·

426 4159 494 4228 que
513 4152 547 4200 et
566 4130 737 4199 volucrum
757 4133 903 4227 agmina,
930 4155 1078 4197 eremum
1097 4129 1369 4198 Consummatum
1386 4128 1542 4198 incolen-

425 4261 525 4342 tium,
550 4258 792 4327 comitabantur
807 4258 1056 4350 magnunImum
1071 4256 1303 4323 Visvdmitram
1320 4251 1543 4346 religionibus

364 4390 414 4433 ²⁰·
427 4381 571 4450 divitem
621 4383 774 4474 Longum
805 4383 869 4450 iter
899 4383 1091 4475 permensi,
1126 4379 1196 4447 sole
1221 4381 1288 4445 iam
1315 4375 1359 4442 ad
1385 4399 1543 4442 occasum

427 4525 593 4597 vergente,
610 4507 828 4573 anaclrurctac
846 4529 1005 4599 paravere
1020 4506 1195 4573 statIoncm
1215 4521 1424 4578 nocturnam,
1446 4517 1544 4591 post·

364 4631 526 4716 ²¹·qunm
550 4626 593 4692 ad
621 4628 702 4696 Seni
728 4632 834 4720 ripam
862 4645 1092 4720 pervenerant
1142 4628 1221 4692 Post
1250 4623 1328 4691 solis
1364 4647 1541 4704 occasum,

426 4745 514 4811 unda
533 4749 653 4816 fluviali
679 4749 825 4822 lustrati,
851 4754 927 4846 igue
955 4775 1047 4818 sacro
1076 4750 1279 4827 ministrato,
1317 4744 1546 4815 consederunt
