3609 5817
397 701 452 782 99
688 694 776 781 Lm.
808 690 843 779 l.
880 685 983 779 Car.
1010 690 1204 783 XXVII.

353 914 381 973 6.
396 914 461 978 bur
482 934 618 1003 quoque
643 909 733 976 mille
760 909 1013 1002 elephantorum
1047 912 1162 1003 virgini
1197 912 1361 978 concessit
1395 934 1509 976 rerum

395 1038 535 1101 Parcus:
562 1033 719 1100 etlilium
743 1034 855 1114 Yaxo,
882 1036 1090 1125 quantumuis
1113 1035 1277 1127 cupienti,
1302 1059 1371 1100 non
1391 1032 1510 1101 itidem

352 1176 379 1235 7·
394 1162 565 1227 concessit„
610 1157 816 1224 Praeclaram
840 1158 927 1224 hanc
952 1156 1098 1250 puellam
1121 1157 1380 1249 pubescentem,
1400 1157 1509 1234 forma

393 1302 427 1350 et
449 1286 580 1350 iuventa
606 1286 788 1376 insignem,
810 1302 953 1376 nuptum
979 1280 1073 1348 dedit
1096 1299 1192 1373 pater
1214 1280 1350 1362 Sundo,
1375 1280 1509 1349 Jarubbi

349 1409 381 1476 8.
392 1404 474 1473 lilio.
512 1408 591 1473 Post
611 1404 749 1499 aliquod
774 1425 904 1498 tempus
931 1430 1009 1474 vero
1029 1405 1118 1470 Yaxa
1142 1422 1240 1497 partu
1266 1402 1373 1471 edidit
1392 1423 1509 1472 natum

391 1530 598 1607 Minimum,
625 1554 778 1622 aggressu
798 1528 983 1609 difficilem,
1010 1532 1068 1621 qui
1086 1527 1167 1595 diris
1185 1531 1220 1594 in
1239 1532 1403 1622 gigantem
1425 1553 1509 1597 con-

346 1678 378 1739 9.
391 1676 504 1719 versus
530 1671 588 1719 est.
640 1654 745 1720 Caeso
772 1672 880 1719 autem
907 1650 1023 1719 Sundo
1049 1655 1134 1730 isto,
1169 1651 1304 1718 Tadaca
1330 1677 1407 1720 cum
1434 1650 1505 1719 lilio

391 1800 451 1843 suo
474 1777 662 1868 Agastium,
689 1795 797 1842 vatum
823 1777 1163 1869 praestantissimum,
1200 1774 1335 1869 aggredi
1359 1775 1506 1844 molitur.

334 1922 377 1960 ¹0·
390 1900 517 1967 Furore
544 1918 637 1979 acta,
669 1903 824 1993 rugiens,
851 1897 1035 1966 devorandi
1066 1898 1204 1965 consilio
1240 1925 1317 1965 eum
1346 1900 1501 1966 incursat.

391 2027 497 2107 Quam
523 2048 627 2115 quum
649 2025 830 2090 irruentem
858 2022 987 2089 videret
1012 2019 1116 2086 almus
1143 2040 1233 2088 vates
1255 2023 1425 2114 Agastius,
1450 2022 1504 2089 hia

332 2147 521 2211 ruverhis:
558 2145 621 2209 ¹’Iu
654 2148 838 2237 giganteam
870 2165 1020 2212 naturam
1049 2141 1199 2211 transila
1233 2143 1320 2211 diras
1349 2145 1503 2213 Mdrlcbo

388 2286 564 2359 precatur,
602 2265 870 2360 indignabundus
897 2265 1020 2333 deinde
1047 2262 1215 2332 Tadacam
1240 2291 1374 2361 quoque
1409 2291 1506 2336 exse·

332 2413 375 2451 12.
390 2409 496 2456 cratus
523 2409 592 2456 est:
627 2393 702 2471 Tu,
736 2417 839 2484 quum
868 2418 887 2456 a
913 2392 1016 2483 stirpc
1049 2388 1170 2456 nobilis
1199 2391 1286 2457 Yaxa
1311 2392 1379 2471 sis,
1412 2415 1504 2458 nunc

389 2516 497 2581 carnis
525 2514 686 2580 humanae
711 2513 826 2595 avida,
860 2513 1062 2607 depravata,
1094 2511 1233 2581 distorto
1260 2514 1368 2596 vultu,
1398 2515 1504 2582 hacce

330 2638 493 2704 15.lorma
514 2656 627 2718 exuta,
654 2637 744 2703 illico
763 2637 902 2703 lumnam
927 2633 1131 2702 horrendam
1153 2637 1263 2704 induc.
1300 2637 1425 2703 Eadem
1445 2636 1503 2704 ill·

388 2759 542 2840 Tidma,
578 2758 658 2825 diris
694 2762 875 2852 exagitata,
916 2758 1028 2825 furore
1060 2785 1174 2827 vecors
1190 2813 1200 2842 ,
1241 2760 1386 2828 devastat
1415 2762 1504 2827 banc

330 2887 374 2967 '‘l-
388 2885 576 2977 regionem,
602 2886 642 2948 ab
663 2887 795 2976 rigastio
813 2903 907 2950 antea
926 2883 1114 2950 habitatam.
1150 2886 1243 2951 Hanc
1262 2887 1362 2978 igitur
1378 2886 1503 2972 Yam·

385 3009 559 3088 nefariam,
586 3007 804 3089 horrendam,
831 3007 1097 3087 audacissimam,
1120 3009 1273 3088 oRalma,
1298 3029 1333 3076 tu
1360 3006 1500 3087 caedite,
1578 3053 1588 3066 ·

329 3138 371 3199 15.
385 3152 421 3200 ut
442 3135 544 3200 boum
571 3136 726 3200 arruentis
749 3135 1027 3225 Bruclrmanisquc
1052 3156 1151 3224 opem
1165 3132 1259 3197 seras.
1307 3129 1501 3198 Etcuimfl

385 3257 490 3323 tribus
508 3255 641 3323 mundis
668 3282 765 3324 nemo
793 3258 875 3324 alius
894 3275 997 3324 exstat
1012 3275 1146 3349 practer
1162 3274 1205 3336 te,
1232 3252 1412 3347 Raghuidc,
1439 3256 1499 3346 qui

328 3379 372 3443 16.
384 3380 438 3445 isti
464 3378 544 3446 diris
569 3378 756 3472 implicatae
781 3377 1030 3446 interficiendae
1053 3403 1113 3471 par
1136 3381 1186 3445 sit.
1217 3378 1334 3471 Neque
1355 3375 1420 3442 ulla
1434 3377 1499 3441 mi-

385 3503 565 3571 sericordia
584 3523 724 3596 propter
745 3504 885 3570 feminae
910 3502 1046 3570 caedem
1073 3503 1272 3567 commoveri
1298 3519 1330 3567 tc
1351 3517 1498 3592 oportet:

385 3652 501 3717 regum
523 3625 598 3691 filiis
623 3625 887 3717 perpetrandum
913 3645 979 3705 est,
1006 3625 1169 3718 quicquid
1190 3623 1233 3690 ad
1257 3624 1394 3690 salutern
1415 3647 1498 3715 qua-

327 3766 372 3827 ¹7·
385 3768 555 3816 ternorum
582 3745 738 3813 ordinum
762 3751 916 3840 pertinet
962 3748 1120 3816 Subditos
1149 3750 1263 3817 tuendi
1290 3751 1391 3842 gratia
1417 3770 1497 3840 per·

385 3867 586 3963 petraudum
612 3889 678 3951 cst,
708 3873 775 3936 sive
805 3872 941 3937 crudele
963 3875 1020 3955 sit,
1047 3876 1114 3941 siro
1139 3875 1234 3956 mito,
1267 3875 1334 3939 eive
1359 3895 1497 3963 purum,

327 3999 445 4065 18.sen
471 4020 546 4061 cum
571 3994 704 4088 piaculo
741 3997 976 4063 coniunctum:
1008 4024 1051 4063 ne
1077 3997 1200 4064 dubita.
1253 3996 1344 4061 llaec
1370 4012 1418 4059 cst
1442 3992 1495 4059 lex

285 4131 287 4136 '
386 4136 548 4212 perpetua
577 4142 711 4198 corum,
738 4119 858 4212 quibus
888 4120 1078 4214 imperandi
1103 4144 1185 4186 onus
1212 4118 1382 4185 incumbit.
1428 4116 1496 4180 lm·

329 4263 373 4323 19.
388 4244 478 4333 piam
496 4239 644 4318 caedito,
670 4242 890 4310 Cacutshidc!
917 4244 1053 4311 Nullum
1070 4269 1133 4339 pro
1152 4270 1190 4310 ca
1204 4246 1255 4310 ius
1272 4242 1365 4307 valet.
1398 4238 1496 4317 Sane,

386 4386 422 4431 ut
445 4368 623 4433 memoriae
649 4365 806 4433 traditum
833 4387 899 4448 cst,
932 4367 1048 4434 Indras
1080 4368 1158 4436 olim
1186 4366 1368 4434 Virochani
1394 4360 1494 4427 {iliam

386 4490 615 4568 blantharam,
646 4515 729 4581 quac
762 4510 882 4556 terram
908 4510 1031 4557 vastare
1058 4492 1232 4584 cupiebat,
1265 4488 1421 4555 enecavit
1463 4487 1493 4551 A

326 4627 371 4665 ²⁰·
387 4612 516 4678 visunt
541 4638 676 4705 quoquc
702 4614 780 4683 olim
805 4618 945 4710 Bhrigr'rs
968 4640 1067 4697 uxor,
1093 4615 1209 4682 matu
1236 4612 1364 4693 dedita,
1392 4612 1495 4705 Cdvyi

390 4753 519 4811 mater,
553 4762 654 4827 quum
680 4740 842 4804 rutundum
869 4738 968 4805 ludra
995 4740 1111 4805 orbare
1135 4736 1329 4817 moliretur,
1354 4752 1402 4803 cot
1424 4751 1496 4818 §tt-
