3609 5817
392 713 445 793 50
728 701 818 790 Ina.
849 700 883 789 1.
920 692 1019 790 Car.
1053 696 1156 788 ΧΗ.

329 942 376 1004 ²7·
389 919 605 991 adducendos
635 946 713 990 eura
739 944 814 989 cum
840 919 1014 988 comitibus
1040 936 1073 985 et
1098 918 1252 1013 cognatis.
1292 916 1490 997 Sumuntur,

389 1043 582 1111 Vasishthae
607 1066 759 1111 sermono
787 1040 916 1122 audito,
942 1040 985 1107 ad
1010 1064 1105 1134 reges
1129 1038 1316 1109 invitandos
1336 1042 1492 1109 festinan·

327 1179 374 1244 28.
388 1186 438 1236 ter
470 1166 590 1235 multos
620 1167 753 1234 nuntios
786 1188 922 1261 quoquo
954 1189 1069 1232 versus
1100 1161 1233 1232 dimisit.
1282 1164 1359 1260 lpse
1384 1184 1491 1232 autem

387 1296 437 1362 vir
454 1294 580 1389 probus
604 1292 774 1387 proiectus
800 1308 849 1358 est
855 1343 865 1373 ‚
887 1307 926 1357 ut
945 1313 984 1355 ex
1002 1291 1082 1355 vatis
1100 1285 1255 1355 mandato
1273 1310 1369 1381 reges
1384 1290 1491 1355 uomi-

325 1417 489 1504 29.natim
512 1412 661 1482 laudatos
687 1412 798 1480 debita
821 1412 1004 1479 reverentia
1030 1412 1193 1478 invitaret
1231 1412 1329 1475 Tune
1353 1410 1489 1504 opifices

386 1540 530 1605 universi
543 1535 736 1604 Vasishthae
757 1558 884 1603 summo
907 1532 1055 1628 Sapienti
1075 1534 1244 1615 nuntiare,
1270 1556 1490 1627 quaeeunque

324 1665 373 1730 30.
385 1661 426 1728 ab
453 1664 534 1755 ipsis
555 1660 706 1729 sacrificii
735 1662 835 1753 gratia
865 1677 979 1752 parata
1011 1677 1128 1726 essent.
1178 1658 1297 1724 Laetus
1320 1657 1372 1723 his
1397 1676 1490 1725 nato-

382 1809 458 1851 rum
482 1784 778 1877 praestantissimus
800 1781 866 1893 illis
890 1780 1081 1875 respoudit:
1106 1780 1300 1848 Curandum
1320 1797 1370 1847 eet
1387 1780 1490 1863 vobis,
1518 1877 1524 1882 ·

382 1908 444 1975 riri
474 1907 630 1987 honesti,
676 1930 719 1971 ne
756 1905 793 1969 in
830 1904 897 1973 hoe
935 1906 1095 1975 sacrificio
1131 1904 1259 1999 aliquid
1297 1901 1490 1997 negligatur.

319 2031 412 2096 tua
436 2032 568 2096 nemine
599 2027 669 2096 ullo
695 2031 729 2094 iu
755 2028 830 2095 loeo
863 2028 1044 2121 quicquam
1079 2028 1296 2120 contemptim
1327 2044 1377 2094 est
1408 2024 1491 2094 dau-

384 2152 481 2218 dum:
506 2149 599 2246 quod
618 2153 707 2216 enim
731 2153 780 2217 sic
805 2149 901 2216 datur
909 2201 919 2231 ‚
944 2150 981 2216 id
1007 2150 1113 2219 datori
1139 2150 1374 2217 detrimentum
1399 2167 1489 2216 certo

320 2270 503 2341 amitteret
552 2270 684 2336 Deinde
710 2287 787 2363 post
810 2268 938 2362 aliquot
966 2269 1037 2337 dies
1064 2287 1246 2363 noctesque
1269 2294 1365 2363 reges
1390 2270 1489 2338 adre-

381 2409 519 2472 nerunt,
541 2389 659 2459 multas
680 2415 733 2457 res
754 2393 915 2485 pretiosas
938 2415 1051 2457 seeum
1068 2389 1257 2474 afferentes,
1286 2394 1408 2487 quihus
1422 2394 1489 2460 Da·

320 2525 369 2590 35.
383 2517 544 2585 saratham
569 2516 781 2582 honorarent.
832 2518 906 2598 Quo
932 2514 1019 2581 facto
1047 2514 1240 2581 Vasishthas
1265 2513 1357 2608 apud
1377 2540 1489 2610 regem

383 2640 474 2704 hune
488 2639 523 2703 in
536 2636 672 2704 modum
686 2637 786 2701 verba
804 2636 899 2702 secit:
925 2633 1156 2719 Advenerunt‚
1175 2660 1193 2703 o
1214 2636 1365 2708 domine!
1382 2664 1489 2734 reget,

318 2762 370 2841 54.
383 2761 478 2826 sicuti
495 2761 633 2843 iussisti3
659 2761 718 2852 qui
739 2758 860 2851 singuli
884 2760 950 2824 iam
966 2786 984 2825 a
1001 2785 1055 2826 me
1070 2786 1134 2853 pro
1152 2764 1312 2856 cuiusque
1332 2760 1490 2856 dignitate

383 2882 565 2950 honorifice
580 2900 656 2948 suut
678 2885 817 2974 excepti
849 2883 921 2949 Rite
944 2901 1147 2976 comportata
1167 2902 1245 2952 sunt
1261 2887 1371 2953 omnia
1389 2911 1408 2952 a
1426 2888 1489 2952 mi·

319 3005 369 3067 35.
383 3007 493 3071 nistris
517 3005 597 3071 huie
615 3007 745 3070 muneri
765 3007 908 3074 intentis.
946 2996 1111 3075 Proc‘edas
1135 3010 1234 3102 igittu·
1258 3008 1302 3077 ad
1325 3010 1488 3080 litandum

309 3161 315 3176 ⁴
383 3154 494 3197 versus
521 3153 675 3222 eampum
699 3130 860 3198 sacrificio
883 3129 1098 3216 destinatum,
1123 3131 1326 3227 amplissimo
1346 3132 1489 3203 leutitia·

320 3258 368 3321 56
382 3277 457 3318 rum
480 3270 640 3345 apparatu
664 3254 813 3348 undique
837 3256 1044 3325 instructum.
1088 3258 1186 3325 Tune
1208 3260 1398 3355 utriusque,
1418 3263 1487 3330 Va·

383 3375 526 3444 sishthae
540 3394 575 3443 et
587 3373 838 3472 Rithyasringae
853 3379 997 3461 hortatu,
1014 3379 1068 3447 die
1086 3382 1254 3474 auspicato
1271 3381 1384 3451 faustis
1399 3382 1487 3454 side-

319 3496 473 3579 35·ribus
498 3499 578 3566 ortis
602 3515 711 3566 terrae
737 3500 890 3569 dominus
916 3526 955 3571 eo
981 3503 1150 3597 profectus
1172 3522 1237 3591 est3
1268 3528 1383 3575 omnes
1408 3534 1484 3577 vero

381 3619 626 3704 Brachmanae,
653 3650 794 3715 quorum
815 3627 974 3720 princeps
1000 3647 1071 3695 erat
1094 3631 1307 3712 Vasishthu,
1335 3633 1485 3702 sacrificii

294 3777 296 3782 ·
382 3744 496 3831 equini
523 3747 698 3811 antistitem
727 3750 847 3829 secuti,
873 3752 973 3817 saeris
998 3753 1130 3845 operari
1156 3773 1349 3849 coeperunt.

503 3956 585 4038 regie
605 3957 728 4017 ducere.
771 3959 815 4019 At
842 3958 955 4020 harum
980 3982 1086 4023 rerum
1108 3985 1147 4026 ne
1172 3966 1332 4029 minimum
1361 3966 1485 4052 quidem

502 4054 663 4138 vestigium
678 4057 708 4116 in
726 4057 844 4140 reliqua
858 4059 1009 4123 Rime'ide
1027 4062 1233 4144 deprehendi;
1255 4068 1483 4144 etCuotaiium,

503 4158 569 4214 tu
587 4152 693 4218 divino
715 4156 778 4217 titio
801 4157 1002 4240 gaudentem,
1029 4183 1047 4221 a
1067 4163 1212 4227 felicitate
1232 4164 1349 4228 dietam
1369 4167 1483 4229 malim.

503 4247 641 4313 otendit
660 4275 758 4334 porro
776 4257 806 4316 in
824 4258 935 4339 priore
951 4259 1097 4339 disticho,
1118 4264 1205 4346 quod
1219 4264 1402 4330 Morum
1421 4290 1483 4345 rex,
1519 4338 1528 4351 ⁸

505 4352 705 4414 aDasaratha
723 4356 875 4434 diversus,
898 4360 963 4421 sine
978 4361 1039 4422 ulia
1057 4362 1238 4427 discriminis
1252 4375 1327 4430 nota
1341 4369 1484 4430 nomint·

503 4459 564 4510 tur.
599 4452 740 4536 Denique
764 4478 825 4516 non
847 4459 1017 4538 oportebat
1040 4462 1160 4524 silentio
1182 4464 1369 4545 praeteriri,
1391 4465 1485 4528 hosca

502 4569 589 4631 reget
609 4553 798 4616 Datarathae
817 4577 941 4619 aooerot
961 4559 1058 4621 suine
1102 4563 1307 4646 Quapropter
1323 4577 1399 4628 eum
1420 4565 1483 4628 eri-

502 4647 571 4710 tieir
589 4649 758 4733 Bengatieis
777 4656 852 4717 eieci
873 4678 978 4719 versus
1000 4659 1127 4723 nimium
1148 4673 1314 4747 erupeetot.
