3609 5817
437 743 510 821 tta
736 736 823 820 Ltu.
855 732 889 821 1.
921 728 1024 822 Car.
1063 729 1226 822 vat.

824 1130 974 1195 CAPUT
1024 1129 1142 1197 vat.

827 1350 983 1439 Juuaer
1013 1375 1159 1440 smuo.

399 1715 421 1750 t.
527 1691 664 1756 Postero
688 1711 802 1771 mane,
827 1708 863 1757 ut
889 1687 977 1756 clare
1002 1688 1173 1770 illuxerat,
1195 1712 1275 1770 rer,
1311 1686 1444 1754 iunctus
1465 1711 1540 1756 eae·

432 1812 589 1879 remouiis
614 1814 793 1894 matutinis,
817 1814 1047 1881 Visvaimitram
1070 1838 1146 1881 eum
1162 1810 1344 1905 Raghuidis
1371 1835 1539 1880 arcessere

396 1937 536 2001 20iussit.
570 1932 632 2000 ilio
656 1935 730 2027 ipso
757 1952 790 2001 et
814 1937 1030 2028 magnanimis
1055 1933 1212 2001 fratribus
1238 1931 1423 1999 secundum
1443 1955 1540 2026 prae·

434 2077 529 2151 cepta
554 2083 647 2124 sacra
674 2058 857 2125 honorifice
879 2060 1043 2151 exceptis,
1078 2059 1168 2126 hune
1201 2055 1327 2125 deinde
1350 2081 1542 2125 sermonem

394 2183 527 2249 &orsus
553 2200 616 2248 est:
638 2181 795 2247 Faustum
817 2179 995 2247 adrentum
1017 2179 1077 2246 tibi
1102 2203 1241 2271 precor,
1262 2181 1314 2248 vir
1337 2176 1542 2250 venerande!

435 2305 595 2400 quidnam
621 2322 749 2398 gratum
774 2303 836 2372 tibi
860 2302 972 2369 faeere
996 2303 1157 2397 possum?
1207 2303 1307 2385 iube,
1336 2303 1422 2398 qnid
1445 2301 1542 2374 reiis:

391 2443 543 2516 ameum
570 2449 635 2510 est,
661 2448 826 2496 tantorum
853 2429 1001 2496 virorum
1025 2428 1113 2496 iussa
1137 2428 1283 2520 exsequi.
1317 2427 1367 2495 Ita
1393 2425 1542 2522 compel-

431 2554 514 2622 latus
540 2583 557 2620 a
583 2556 789 2647 magnanimo
814 2554 937 2622 Janaeo
967 2557 1042 2648 pius
1077 2554 1290 2635 anachoreta,
1322 2550 1416 2619 sandi
1451 2552 1543 2646 peri·

394 2679 499 2746 stus.
528 2676 602 2742 talia
628 2696 742 2744 eontra
765 2677 867 2744 satur:
893 2677 1004 2743 Ambo
1030 2677 1066 2742 hi
1090 2677 1291 2744 Dasarathae
1315 2673 1395 2758 tilii,
1419 2699 1461 2742 ex
1483 2697 1543 2742 no·

432 2798 493 2863 biii
519 2799 717 2864 bellatorum
743 2801 916 2891 prosapia,
948 2825 1012 2891 per
1036 2799 1155 2867 orbern
1180 2818 1344 2867 terrarum
1365 2797 1543 2880 celebrati,

436 2923 575 3012 cupiunt
600 2922 703 2987 visere
729 2947 844 2988 areum
875 2923 975 2988 istum
998 2924 1332 3014 praestantissimum,
1366 2923 1427 3016 qui
1452 2919 1543 2988 domi

395 3043 425 3108 ὓ.
435 3045 525 3138 apud
551 3063 583 3110 te
605 3064 797 3112 asservatur.
846 3044 934 3111 Eum
957 3048 1085 3138 ipsum,
1117 3070 1258 3139 quaeso,
1287 3044 1462 3113 visendum
1487 3069 1544 3112 ex·

434 3170 530 3236 hibe:
552 3170 634 3262 regii
659 3167 903 3250 adolescentes,
938 3188 1050 3261 optato
1079 3171 1194 3263 potiti,
1225 3188 1304 3264 post
1329 3185 1543 3263 eonspeetnm

432 3293 528 3359 huius
558 3317 673 3372 arcus,
712 3311 813 3385 prout
843 3294 925 3387 ipsis
957 3290 1113 3374 libuerit,
1158 3290 1296 3360 domum
1326 3309 1540 3361 revertentur.

395 3415 569 3504 planaeus
596 3442 674 3484 vero
702 3418 746 3484 ita
770 3436 902 3510 rogatus
924 3441 1044 3512 magno
1071 3418 1135 3484 vati
1159 3414 1361 3510 respondet:
1383 3415 1544 3484 Audiatnr

430 3539 526 3605 huius
551 3564 647 3605 arcus
673 3542 849 3622 memoria,
882 3557 917 3606 et
942 3565 1009 3633 qam
1033 3537 1076 3606 de
1102 3564 1215 3606 caussa
1237 3537 1329 3632 opud
1353 3563 1416 3607 nos
1438 3561 1542 3606 asser·

391 3675 533 3737 aretur.
583 3662 660 3728 Fuit
685 3687 762 3742 rex,
787 3663 970 3730 Desaratus
996 3663 1131 3729 nomine
1157 3660 1283 3743 dictus,
1308 3679 1420 3730 sextus
1446 3661 1542 3729 alti-

432 3809 500 3867 mo,
527 3785 605 3850 huie
631 3784 839 3876 magnanimo
864 3785 971 3851 hoece
996 3786 1118 3879 pignus
1148 3807 1213 3877 per
1245 3809 1363 3852 manus
1387 3782 1543 3852 traditum

392 3905 504 4001 9‚suit.
554 3906 646 3973 Olim
670 3907 867 3976 fortissimus
891 3905 1044 3988 Rudrus,
1079 3932 1183 4000 quum
1214 3907 1250 3973 in
1272 3907 1357 3974 Dani
1381 3904 1542 3974 saeriiieio

432 4051 545 4094 arcum
572 4028 614 4094 ad
630 4028 766 4097 caedem
792 4030 1004 4096 convivarum
1024 4028 1239 4112 intendisset,
1259 4030 1443 4124 profligatis
1456 4027 1543 4096 Coe·

378 4150 562 4232 tuditibus,
596 4177 671 4219 curn
696 4155 795 4220 irrisu
820 4151 896 4221 talia
922 4152 1077 4248 protulit:
1112 4156 1278 4240 Quoniam
1303 4176 1381 4232 vos,
1410 4149 1543 4244 Superi,

430 4276 529 4356 inihi,
556 4301 723 4342 sacrarum
749 4259 923 4370 epularum
948 4278 1138 4371 portionem
1161 4276 1306 4370 petenti,
1331 4272 1459 4341 nullam
1485 4273 1545 4340 tri·

433 4397 565 4480 buistis,
588 4401 736 4468 membra
762 4420 868 4467 vestra
889 4399 1019 4482 vitalia,
1054 4419 1165 4494 partes
1194 4398 1346 4491 eorporis
1371 4396 1543 4492 pretiosis-

377 4517 545 4594 rr.simas,
573 4545 651 4587 areu
687 4518 886 4612 discerpam.
942 4522 1042 4586 'l'uue
1074 4544 1153 4587 saue
1188 4545 1302 4588 omues
1328 4521 1406 4588 Diri
1434 4519 1543 4588 afflicti

434 4637 622 4731 principem
648 4669 744 4708 suum
769 4642 901 4735 placare
924 4642 1118 4722 studebant,
1145 4668 1288 4736 ‹puorurn
1309 4643 1469 4737 precibus
1486 4641 1544 4710 ille

379 4777 425 4827 η.
439 4773 544 4824 motus
571 4781 636 4843 est,
663 4764 867 4856 Superisque
884 4763 1043 4858 dignitate
1060 4765 1264 4857 pollentibus
1281 4765 1424 4835 restituit
1439 4791 1544 4834 tuem·
