3609 5817
376 708 461 796 ras
674 702 765 795 ns.
796 701 833 796 1.
865 652 978 798 ou.
1006 701 1172 800 ων.

318 926 368 993 a&
376 943 462 1015 pura
472 917 514 986 ab
527 918 618 987 omni
631 915 717 987 labe.
733 920 847 988 Dirini
861 918 1046 1014 Sapientes,
1057 917 1284 1013 coelestesque
1295 915 1479 1004 Fidicines,

377 1045 413 1112 in
430 1039 566 1111 sedibus
583 1042 794 1111 terrestribus
813 1042 1009 1125 habitantes,
1025 1043 1229 1137 attingebant
1238 1065 1360 1136 aquam
1373 1043 1482 1125 istm,

378 1166 496 1235 confisi
515 1164 588 1233 sure
612 1163 798 1249 lustralem,
821 1168 948 1262 quippe
973 1191 1058 1261 quae
1088 1192 1108 1234 a
1131 1164 1227 1235 Siren
1252 1188 1398 1259 corpore
1420 1164 1483 1236 de·

320 1288 534 1377 assiluxistet.
583 1290 649 1375 Qui
674 1286 755 1356 diris
779 1292 916 1359 obnoxii
943 1314 983 1358 er
1004 1289 1138 1357 aethere
1156 1290 1192 1357 in
1205 1287 1360 1358 tellurem
1383 1312 1484 1383 prae·

379 1411 606 1505 cipitaverant,
628 1412 695 1480 hoc
718 1411 818 1482 latice
842 1417 975 1509 penitus
996 1412 1135 1494 lustrati,
1159 1410 1271 1489 denuo
1295 1412 1333 1479 iu
1351 1409 1485 1482 coelum

322 1534 524 1602 susubiare.
583 1532 714 1602 Gaudio
740 1536 939 1605 efferebatur
971 1561 1075 1631 genus
1106 1535 1287 1604 humanum
1320 1532 1485 1628 adspectu

381 1654 480 1722 huius
514 1679 620 1747 aquae
653 1654 859 1748 pellucidae:
890 1658 1014 1725 etenim
1045 1627 1222 1725 irrltrattma
1251 1680 1272 1723 e
1295 1653 1413 1749 Gcnga
1440 1656 1486 1724 ab

323 1777 474 1845 onomat
494 1776 572 1845 labe
600 1802 723 1871 purum
753 1798 805 1847 est
826 1779 1006 1848 redditum.
1053 1779 1269 1874 Rhagirathes
1302 1801 1403 1862 sero,
1425 1802 1487 1846 rex

381 1900 531 1994 rapiens,
572 1923 674 1968 curru
716 1899 828 1970 divino
871 1925 1053 1971 conscenso
1084 1904 1253 1971 maiestate
1278 1897 1428 1996 pollent·
1449 1901 1488 1969 in

322 2035 374 2098 32.
382 2021 495 2092 fronte
519 2023 716 2107 incedebat,
748 2051 850 2119 quem
873 2024 990 2120 Ganga
1013 2053 1032 2093 a
1057 2046 1149 2120 tergo
1175 2022 1385 2119 sequebatur.
1408 2023 1489 2092 Divi

384 2168 500 2214 omnes
533 2170 611 2214 cum
640 2145 852 2242 sapientibus
883 2151 1080 2234 consociati,
1101 2147 1271 2230 Ditiadae,
1290 2142 1491 2229 Danaidae,

385 2265 564 2361 Gigantes,
587 2266 780 2337 Fidicinum
811 2268 1063 2365 Geniorumque
1092 2295 1272 2366 proceres,
1305 2295 1384 2338 cuna
1404 2270 1493 2365 liip-

325 2390 580 2484 33,pocephalis
607 2393 802 2487 magnisque
832 2391 1070 2487 Serpentibus,
1099 2419 1164 2462 nec
1194 2417 1264 2462 non
1297 2394 1492 2487 frequentet

384 2513 616 2608 Nympharum
649 2516 760 2597 chori,
791 2516 998 2609 Bhaglrathis
1032 2541 1168 2585 currum
1202 2516 1373 2611 prosecuti
1395 2532 1493 2600 sunt,

386 2653 560 2727 praeterea
584 2662 803 2730 quaecuuque
822 2658 899 2707 sunt
921 2638 1076 2732 aquatilia
1100 2637 1253 2707 alacriter
1274 2637 1410 2731 Gangae
1434 2660 1494 2706 re-

214 2776 218 2784 *
327 2760 483 2852 idstigia
520 2758 684 2852 legebant.
741 2764 951 2856 Quocunque
982 2763 1133 2857 praeibat
1166 2788 1227 2831 rex
1256 2760 1495 2855 Bbagiratbes,

388 2904 429 2948 eu
454 2879 661 2974 procedebat
683 2879 799 2975 Ganga
824 2882 1103 2967 celebratissima,
1132 2884 1355 2979 nympharum
1378 2884 1495 2952 llario·

329 3001 471 3084 55,lium
495 3004 638 3098 optima,
662 3007 812 3072 omnium
836 3004 1038 3075 delictorum
1058 3009 1189 3102 piatrix.
1224 3007 1277 3074 Ibi
1301 3029 1401 3088 sero,
1414 3005 1498 3076 dum

388 3125 475 3195 sorte
511 3126 654 3209 Jahnus,
702 3130 872 3197 sanctitate
914 3129 1097 3226 mirabilis,
1144 3132 1245 3200 sacris
1276 3128 1498 3223 operabatur,

329 3248 506 3343 &Ganga
519 3273 630 3317 aream
649 3250 865 3319 merificalem
883 3253 946 3320 viri
964 3255 1164 3348 magnanimi
1184 3251 1367 3321 inundarit.
1393 3250 1497 3320 Cuius

388 3374 556 3468 nymphae
581 3375 739 3469 superbia
769 3377 920 3472 cognita,
939 3377 1065 3445 Jahnus
1087 3380 1138 3445 ira
1170 3378 1345 3455 incensus,
1377 3397 1399 3442 o
1429 3372 1495 3441 lta-
1532 3378 1533 3381 ’

389 3495 529 3589 ghuide,
557 3518 691 3567 omnem
714 3498 859 3565 fluminis
884 3523 1005 3593 aquam
1020 3498 1136 3579 ebibit,
1161 3494 1254 3591 quod
1276 3495 1421 3563 maximo
1435 3495 1499 3562 mi-

332 3619 503 3711 370raculo
529 3642 627 3691 esset.
677 3624 751 3706 Quo
774 3620 860 3688 lacto
886 3622 964 3689 Divi
987 3640 1020 3689 et
1040 3619 1211 3689 Fidicines
1236 3617 1498 3712 sapientesque,

390 3744 606 3813 vehementer
643 3744 807 3825 exterriti,
827 3743 991 3826 Jahnnm,
1020 3746 1128 3812 virum
1153 3743 1415 3822 sanctissimum,
1439 3737 1500 3807 ad·

334 3873 382 3937 58.
392 3891 544 3951 oravere,
582 3866 799 3960 Gangamque
821 3865 908 3932 filiae
939 3864 1015 3934 loco
1042 3863 1268 3961 adoptandam
1290 3863 1499 3959 magnanimo

393 3990 558 4062 obtulere.
617 3990 689 4057 Hac
724 3988 916 4057 conditione
945 3988 1093 4083 placatus
1126 3990 1176 4057 vir
1205 3990 1375 4055 maiestate
1400 4008 1498 4080 prae-

333 4113 525 4215 39.pollens
562 4136 677 4181 rursus
708 4136 749 4180 ex
773 4112 908 4179 auribus
941 4138 1062 4206 aquam
1094 4113 1213 4180 emisit.
1274 4108 1360 4177 Inde
1386 4106 1500 4199 Ganga

392 4236 518 4305 Jahnus
539 4252 615 4303 nata
638 4236 706 4304 sire
730 4235 868 4302 Jthnuis
901 4233 998 4328 vulgo
1023 4233 1155 4303 dicitur.
1199 4232 1350 4303 Ulterius
1374 4226 1497 4298 deinde

335 4369 434 4451 daea
463 4359 613 4454 perrexit
640 4356 846 4450 Rhagirathis
887 4379 1023 4423 currum
1054 4352 1312 4451 prosequendo,
1339 4368 1374 4419 et
1398 4370 1502 4446 quum

396 4480 440 4550 ad
456 4483 629 4552 Oceanum
650 4481 856 4575 pervenisset
877 4480 1100 4574 nympharum
1125 4477 1306 4547 fluvialium
1329 4490 1500 4569 praestan-

337 4606 542 4696 4ntissiuta,
567 4603 665 4674 sodes
690 4603 836 4670 infernas
860 4601 983 4682 subiit,
1008 4621 1045 4668 ut
1065 4599 1200 4667 inferias
1225 4600 1304 4666 istas
1329 4588 1502 4663 solvendas

399 4728 536 4795 iuvaret.
584 4728 653 4796 Rex
676 4742 801 4808 autem,
825 4723 940 4819 Ganga
965 4726 1141 4792 comitante
1166 4722 1210 4791 ad
1222 4724 1398 4789 Oceanum
1423 4735 1502 4810 pro·
