3609 5817
447 727 532 813 294
729 716 818 806 Lu.
847 711 883 806 l.
932 708 1035 806 Cur.
1062 707 1272 808 LXXVI.

450 936 510 1004 des
543 938 661 1018 iratus,
700 959 814 1002 areum
845 931 1088 1002 nobilissimum
1126 955 1201 998 cum
1238 929 1353 1024 sagitta
1385 951 1427 996 ex
1461 929 1555 998 istius

410 1062 438 1125 5.
451 1061 585 1128 dextera
611 1060 760 1155 arripuit,
785 1077 822 1126 ut
840 1077 911 1126 erat
933 1076 1026 1125 motu
1050 1054 1155 1150 agilis.
1192 1056 1301 1139 Quem
1318 1074 1425 1147 quum
1440 1077 1554 1120 mcum

450 1183 661 1265 tetendisset,
693 1185 909 1276 sagittamque
933 1181 966 1247 ei
990 1175 1287 1257 accommodasset,
1317 1175 1472 1268 protinus
1492 1173 1556 1244 Rb-

409 1302 539 1373 &snam
557 1302 827 1398 Jamadagneium
852 1299 1122 1394 indignabundus
1145 1300 1263 1368 Rimas
1287 1295 1409 1366 talibus
1432 1295 1558 1368 affatim.

450 1428 505 1494 Tu
526 1451 562 1493 es
585 1427 806 1508 Brachmana,
831 1424 909 1494 ideo
930 1426 1012 1492 mihi
1037 1420 1255 1502 venerandus,
1281 1444 1321 1487 ac
1340 1419 1557 1488 Visvdmitrae

448 1568 605 1643 respectu
630 1551 746 1634 etiam,
773 1546 941 1642 equidem,
962 1549 990 1614 si
1011 1546 1063 1614 vel
1087 1549 1227 1614 maxime
1242 1546 1379 1638 possim,
1407 1547 1555 1640 sagittam

408 1691 437 1754 7·
447 1668 611 1737 letiferam
636 1688 751 1737 eontra
770 1687 809 1756 ‚te
833 1666 925 1735 haud
956 1670 1167 1735 coniecerim.
1222 1671 1291 1736 Aut
1315 1692 1434 1764 vagum
1455 1671 1555 1738 istum

447 1811 592 1860 meatum
625 1811 735 1876 tuum,
774 1817 875 1886 quem
914 1792 1114 1859 castimoniis
1158 1791 1220 1858 tibi
1253 1791 1460 1884 quaesivisti,
1500 1807 1556 1858 snt

450 1915 564 1984 sedem
590 1917 626 1982 in
658 1915 790 1983 mundis
820 1915 1137 2010 incomparabilibus
1161 1912 1357 2009 praecidere
1380 1911 1473 1982 volo:
1508 1911 1556 1980 sie

407 2044 437 2111 8.
447 2058 510 2107 stat
534 2042 705 2107 sententia.
753 2039 908 2108 Proiecto
932 2039 1014 2105 bace
1034 2039 1181 2107 Vishnds
1207 2039 1323 2132 sagitta
1348 2035 1471 2118 divina,
1493 2037 1554 2106 bo-

448 2161 572 2228 stilium
596 2161 730 2228 urbium
751 2162 885 2241 victrix,
920 2184 989 2229 non
1010 2162 1176 2228 ineassum
1201 2159 1320 2228 evolat:
1352 2160 1474 2228 virtute
1498 2181 1554 2226 tna

406 2285 552 2362 orohur
577 2310 616 2350 ac
638 2284 828 2377 superbiam
854 2309 892 2350 ea
915 2283 1099 2353 contundit.
1150 2282 1272 2376 Superi
1296 2305 1377 2351 vero
1403 2277 1554 2352 canss-

448 2407 598 2498 pientum
631 2406 785 2487 cohorte,
821 2404 863 2471 ad
898 2403 1072 2472 visendum
1105 2404 1239 2471 Rdmam
1260 2403 1364 2474 telum
1387 2404 1554 2474 nobilissi-

448 2553 539 2594 mum
564 2548 763 2623 gestantem,
788 2529 912 2620 Magno
938 2527 1077 2592 Parente
1101 2523 1206 2608 duce,
1238 2528 1389 2624 undique
1408 2551 1450 2596 eo
1475 2550 1555 2597 eon·

388 2673 435 2715 te.
449 2675 586 2734 venere,
610 2650 781 2717 fidicines
800 2674 947 2743 quoquc,
964 2648 1194 2740 Nympharum
1211 2650 1316 2732 chori,
1336 2653 1441 2732 beati,
1456 2653 1556 2718 Prte-

451 2795 567 2851 eoucs,
593 2769 859 2863 llippocephali,
885 2769 1004 2850 Genii,
1030 2770 1204 2860 Gigantes,
1231 2771 1497 2868 serpentesque,
1521 2791 1556 2842 ut

390 2894 563 2985 mingens
597 2894 662 2960 hoc
692 2889 889 2958 miraculum
923 2909 1121 2984 spectarent.
1178 2894 1268 2960 Dum
1297 2897 1433 2962 interim
1465 2895 1557 2964 orbis

447 3016 618 3083 universus
659 3013 918 3106 obstupescebat
952 3013 1054 3078 Rama
1086 3010 1189 3080 telum
1220 3014 1465 3086 nobilissimum
1500 3041 1557 3110 ge·

446 3156 570 3220 stante,
609 3137 726 3207 Rimas
764 3136 822 3205 ille
855 3135 1107 3229 Jamadagneius
1149 3140 1296 3207 animum
1332 3139 1557 3235 despondens,

388 3260 579 3335 ta.Rimam
600 3259 799 3328 intuebatur.
849 3261 955 3327 Huius
984 3262 1152 3327 maiestate
1180 3287 1285 3354 quum
1313 3260 1416 3330 fractu
1450 3263 1554 3356 ipsius

444 3379 605 3450 fortitudo
640 3401 742 3465 esset,
772 3383 1026 3477 Jamadagneius
1052 3387 1207 3452 attonitus
1232 3385 1368 3454 Rimam
1391 3385 1452 3456 loti
1476 3385 1555 3456 solia

389 3502 550 3573 13.oculis
583 3505 785 3573 referentem
826 3505 987 3572 submissa
1018 3528 1099 3572 voce
1130 3504 1260 3574 affatur:
1294 3505 1387 3574 Olim
1421 3505 1555 3602 quando

444 3625 542 3695 tellus
574 3653 670 3695 ame
695 3625 846 3720 Casyapo
869 3626 989 3693 tradita
1009 3625 1088 3709 luit,
1117 3626 1175 3695 ille
1196 3629 1279 3696 milri
1305 3628 1424 3713 edixit,
1457 3648 1557 3700 utne

388 3748 480 3833 ibin
510 3748 613 3843 ipsius
645 3748 770 3817 ditione
804 3749 999 3818 habitarem.
1057 3751 1127 3844 Ego
1158 3776 1254 3834 vero,
1288 3754 1435 3847 magistri
1466 3751 1557 3822 dicto

442 3896 575 3965 parens,
599 3889 701 3941 noctu
725 3872 761 3938 in
787 3889 873 3939 terra
893 3893 963 3937 nou
990 3874 1188 3941 commorari
1212 3871 1313 3941 soleo.
1362 3874 1471 3957 Absit,
1493 3875 1558 3944 ca-

445 3992 621 4076 cutsthidc,
648 4014 684 4063 ut
700 3994 803 4061 fidem
822 3994 977 4086 promissi
1002 4019 1149 4087 unquam
1170 3994 1296 4064 fallam!
1323 3996 1370 4064 lta
1386 3995 1558 4066 decretum

390 4119 504 4188 ticet
556 4116 688 4185 Idcirco
713 4118 811 4183 istum
836 4135 979 4184 meatum
1003 4143 1132 4200 mcum,
1165 4143 1185 4187 o
1215 4121 1331 4202 beros,
1362 4119 1559 4213 praecidere

443 4265 512 4309 nou
544 4260 578 4310 te
610 4260 750 4334 oportet.
802 4239 1008 4333 cogitatione
1041 4241 1181 4310 celerius
1217 4244 1317 4311 abibo
1347 4242 1391 4311 ad
1415 4244 1558 4314 Malien-

390 4370 543 4438 16·drum
568 4367 594 4454 ¹)
619 4383 767 4434 montem
789 4361 1060 4436 excelsissimum.
1103 4363 1209 4432 Sedes
1232 4384 1343 4432 autem
1367 4368 1403 4433 in
1426 4365 1562 4434 mundis

445 4531 710 4545 -μ--η-ι-ο

510 4622 535 4696 l)
551 4623 681 4682 Fallilur
702 4617 932 4699 lexicograpltus
945 4620 1075 4702 Angites,
1098 4620 1172 4681 dum
1187 4620 1390 4684 Muloertdmm
1412 4620 1451 4684 ad
1468 4643 1562 4682 mon-

569 4728 646 4786 tium
676 4727 796 4807 iugum,
834 4725 917 4808 quod
948 4729 979 4788 iu
1012 4726 1197 4790 occidentali
1230 4729 1408 4810 peninsulae
1439 4729 1564 4794 indicae
