3609 5817
560 760 792 856 mosoma
825 787 880 853 or
914 787 1175 854 nsvmma.
1339 771 1415 855 tot

324 980 424 1045 Dicto
450 975 592 1046 sollertis
616 978 829 1047 Visvtmitrae
857 976 969 1047 audito
991 977 1126 1047 illustris
1152 976 1357 1047 Satinandus
1382 978 1426 1046 ad

324 1102 461 1169 Raimam
488 1125 665 1170 conversus
696 1100 772 1172 talia
802 1102 907 1171 satur:
941 1102 1055 1184 Salve,
1080 1105 1205 1196 optime
1236 1100 1486 1196 lioghuide,13.

325 1226 387 1316 qui
419 1242 544 1292 tantum
578 1224 706 1291 bonam
741 1224 823 1291 mihi
858 1221 1012 1304 attulisti,
1044 1224 1274 1291 Visvtmitram
1305 1220 1427 1291 ducem

326 1366 477 1427 secutus,
505 1348 663 1414 invictum
693 1344 893 1440 Sapientem.
948 1344 1010 1413 ille
1038 1343 1131 1413 idem
1152 1347 1241 1414 inter
1262 1348 1426 1439 sapientes
1440 1354 1484 1433 '‘l-

327 1469 548 1537 Brachmanae
570 1468 858 1564 splendidissimus
888 1472 1105 1537 sanctimonia
1128 1496 1186 1536 aua
1211 1494 1295 1565 opus
1318 1472 1429 1538 incre-

327 1589 435 1657 dibile
460 1590 621 1682 perfecit,
654 1611 706 1674 tu,
735 1592 910 1660 fortissime
941 1594 1087 1675 iuvenis,
1127 1595 1234 1676 nosti,
1270 1612 1431 1686 quantum

327 1714 374 1780 sit
397 1715 433 1778 iu
453 1736 494 1779 eo
518 1712 732 1806 praesidium.
789 1712 897 1782 Nemo
932 1713 1015 1783 alter
1038 1718 1075 1781 in
1104 1716 1186 1782 orbe
1211 1733 1374 1782 terrarum
1396 1734 1429 1783 te
1443 1730 1488 1790 15.

327 1834 462 1903 felicior
483 1853 549 1917 est,
574 1858 595 1901 o
619 1834 736 1915 Rima,
766 1831 933 1928 siquidem
956 1836 1017 1901 tibi
1043 1836 1180 1928 contigit
1202 1853 1292 1903 tutor
1317 1835 1430 1903 Cusini

326 1956 435 2040 tilius,
456 1961 514 2052 qui
540 1956 646 2026 tan'tos
678 1957 810 2027 labores
839 1959 1076 2026 sanctimoniae
1109 1984 1222 2028 caussa
1246 1958 1429 2028 exantlavit.

327 2079 439 2163 Audi,
461 2079 600 2175 quaeso!
649 2081 837 2151 Declarabo
861 2084 925 2150 viri
948 2084 1148 2177 magnanimi
1168 2082 1266 2149 fortia
1287 2080 1374 2149 saeta
1398 2101 1431 2147 et
1445 2092 1490 2153 16.

326 2201 412 2270 lata:
434 2221 470 2270 tu
494 2205 577 2272 mihi
599 2207 747 2272 narranti
771 2203 927 2273 ausculta.
987 2205 1066 2273 Fuit
1088 2208 1118 2273 is
1141 2230 1200 2272 rex
1224 2207 1345 2287 iustus,
1368 2227 1490 2302 pata-J.

325 2322 467 2416 longum
490 2342 621 2419 tompus
645 2326 789 2395 hostium
814 2323 979 2411 domitor,
1010 2328 1094 2393 καί
1119 2351 1256 2420 gnarus,
1280 2325 1436 2394 doenh

327 2446 531 2528 insta-nctus,
556 2470 596 2514 ae
620 2444 831 2515 subditorum
849 2445 940 2513 bono
966 2445 1123 2539 gaudena.
1144 2448 1260 2541 Magni
1283 2419 1493 2519 Parent'ffl.

327 2567 418 2637 iilius
440 2571 606 2638 exstiterat
628 2570 708 2639 olim
723 2595 792 2652 rex,
806 2570 914 2638 Cusus
928 2572 1084 2655 nomine,
1133 2564 1223 2640 cuso
1240 2573 1368 2666 genitus
1384 2588 1434 2637 est

324 2690 418 2761 iilius
439 2691 544 2776 fortis,
567 2693 734 2785 piissimus
753 2689 969 2758 Cusanibhua
982 2717 992 2774 3
1005 2690 1102 2757 huius
1117 2712 1223 2784 porro
1237 2688 1299 2759 suit
1328 2689 1434 2771 tilius,
1448 2724 1495 2785 ¹9·

326 2812 460 2883 thtus
476 2818 611 2884 nomine
637 2813 841 2898 celebratam
866 2812 1002 2881 thhes
1020 2810 1169 2907 deniquo
1194 2816 1310 2907 genuit
1331 2814 1436 2881 tilium

326 2936 504 3032 indytum
523 2963 680 3032 magnum
698 2956 806 3006 vatem
825 2937 1067 3006 Vintimitram.
1091 2936 1154 3006 lile
1177 2936 1286 3018 idem,
1320 2937 1494 3011 orbemso.

325 3080 496 3131 terrarum
519 3063 661 3156 imperio
685 3086 823 3156 regens,
840 3084 905 3155 per
927 3059 1032 3132 multa
1055 3070 1221 3131 annot-'um
1239 3059 1345 3128 millia
1365 3086 1440 3128 mu-

457 3388 587 3475 posteris
608 3386 670 3448 hoe
692 3382 763 3445 loeo
786 3383 826 3444 sit
846 3380 1071 3466 intelligendus.
1121 3382 1198 3445 llam
1219 3383 1438 3469 patronymico

455 3490 518 3550 hoc
544 3484 680 3570 generali
709 3484 887 3565 (umam)
919 3489 985 3543 tom
1012 3480 1144 3564 Bhrigtls
1160 3482 1256 3545 tilium
1276 3481 1438 3546 tichicum

456 3593 549 3671 poeta
577 3585 712 3667 designat
738 3573 821 3650 'm
848 3582 882 3642 C.
903 3583 991 3659 ul,
1023 3581 1170 3661 11-13„
1200 3591 1268 3645 tum
1303 3582 1438 3646 eimdem

456 3689 657 3768 abnepotem,
688 3685 815 3744 Rimam
847 3680 1001 3763 priorem,
1035 3692 1164 3766 apatro
1191 3682 1439 3766 lamudagneium

456 3786 583 3847 dicturo.
605 3786 639 3846 C.
652 3783 798 3859 LXXIV,
823 3780 871 3843 17.
914 3784 954 3842 At
974 3780 1225 3866 quandoquidem
1244 3784 1437 3866 comparatio

455 3885 618 3947 adhibetur
641 3882 679 3944 de
700 3882 881 3964 coniugibus
911 3890 983 3964 post
1005 3884 1109 3964 longas
1129 3882 1296 3943 simultates
1316 3880 1346 3941 in
1365 3903 1438 3963 gra.

457 3986 530 4046 tiam
562 3981 782 4061 redeuntibus,
814 3981 879 4043 aino
911 3980 1005 4042 dubio
1034 3980 1188 4041 indicatur
1222 3979 1436 4063 lamudagness

455 4084 597 4148 Rlnucae
623 4082 760 4143 maritus.
803 4083 835 4141 lo
859 4080 894 4142 iis
918 4102 998 4165 quae
1020 4082 1129 4142 Rimas
1146 4079 1304 4143 Securiier
1324 4079 1363 4141 de
1385 4100 1437 4142 re-

454 4185 511 4246 bus
539 4184 631 4266 gestis
661 4182 724 4243 suis
754 4188 861 4242 narrat
890 4180 924 4240 C.
947 4180 1084 4257 txxv,
1113 4178 1195 4240 nulla
1224 4189 1269 4241 eat
1297 4180 1438 4241 Rtoucae

451 4284 578 4345 mentio.
630 4279 747 4342 Alindit
774 4278 927 4342 Vilmices
955 4277 994 4338 atl
1023 4277 1155 4339 subulam
1186 4276 1261 4338 mihi
1283 4278 1436 4358 ignotam,

456 4404 513 4444 nec
539 4382 626 4444 facile
658 4402 730 4442 eum
759 4380 793 4441 iis
824 4400 903 4462 quae
924 4378 1031 4459 Angli,
1057 4399 1092 4439 ea
1124 4380 1210 4438 sonte
1236 4377 1339 4438 nescio
1371 4398 1434 4459 quo

452 4482 576 4559 hausta,
606 4480 645 4541 de
676 4478 882 4561 lamudagneii
912 4486 1010 4539 matre
1032 4476 1170 4537 tradunt
1230 4475 1321 4535 Moor
1347 4475 1433 4536 Pan.

456 4584 561 4653 theon,
590 4601 623 4663 p.
645 4577 724 4658 190,
749 4576 820 4641 191.
851 4577 955 4640 Polier
981 4576 1162 4657 Mytlsologie
1191 4575 1243 4635 dea
1274 4573 1431 4640 lindam,
1456 4580 1460 4586 ’

454 4679 572 4755 Voll,
594 4700 624 4761 p.
639 4678 696 4740 281
708 4701 778 4763 sqq.
820 4676 918 4742 Aliter
933 4675 1091 4755 Wsffiml,
1111 4678 1164 4739 As.
1181 4696 1242 4739 nas.
1267 4673 1338 4745 vot.
1351 4675 1432 4740 xw.

453 4801 487 4865 p.
510 4772 589 4857 425,
609 4773 681 4842 496.
