3609 5817
443 735 570 828 Frors
588 760 698 828 otri
717 763 772 827 or
789 761 1048 827 utuusrtoua
1067 763 1109 829 tu
1126 765 1287 830 surus.
1344 749 1424 832 {tot

328 953 428 1036 silvis,
452 977 579 1021 comam
613 950 745 1047 plexum
780 972 812 1019 et
846 974 968 1020 vestem
1001 952 1133 1021 olibro
1160 974 1347 1024 contextam
1372 981 1432 1050 go·

326 1104 415 1157 reus,
438 1096 474 1143 ut
498 1076 602 1144 sulem
626 1102 644 1143 a
671 1101 751 1168 rege
771 1077 1023 1171 oppigneratam
1044 1077 1219 1150 exsolvam.
1271 1079 1310 1147 ld
1328 1105 1428 1148 unum
1442 1084 1471 1149 ὅ.

326 1201 463 1270 edoceri
489 1201 606 1294 cupio,
640 1201 856 1295 spaamobrem
879 1226 960 1283 rex,
986 1201 1129 1271 hostium
1154 1201 1309 1284 domitor,
1330 1204 1435 1273 laodie

326 1351 460 1393 accessu
493 1324 658 1405 difficilis,
692 1349 747 1393 me
778 1350 846 1394 non
879 1325 1028 1417 benigne
1056 1325 1201 1418 excipiat
1224 1326 1319 1393 sicuti
1345 1326 1435 1394 olim.

327 1449 403 1516 Non
436 1467 469 1516 te
501 1473 699 1515 succensere
729 1468 877 1543 oportet,
909 1447 1064 1516 domina:
1102 1467 1218 1543 aperte
1253 1448 1376 1545 loquor
1400 1461 1476 1538 ted.

327 1593 450 1637 coram.
502 1569 746 1664 1b0,gaudeas
772 1570 870 1638 lieet!
901 1569 1065 1652 insilias,
1090 1590 1218 1641 asceue
1244 1574 1358 1641 habitu
1382 1598 1434 1641 as-

327 1714 472 1787 sumpto.
523 1696 632 1763 Iussus
658 1723 677 1760 a
704 1719 781 1762 caro
807 1696 974 1788 magistro,
999 1721 1016 1761 a
1042 1712 1157 1789 patre,
1190 1720 1315 1790 aroge
1338 1694 1474 1765 deni-5.

328 1841 394 1909 que
430 1816 681 1885 benefactorum
716 1818 878 1895 memori,
910 1815 993 1910 quid
1018 1835 1087 1897 est,
1122 1816 1216 1912 quod
1243 1842 1306 1910 ego
1329 1818 1434 1887 conli-

325 1938 408 2005 dens
434 1965 501 2007 nou
526 1939 685 2021 fecerim,
718 1957 755 2006 ut
776 1939 824 2006 illi
851 1937 1026 2033 placeam?
1076 1940 1166 2010 llaec
1201 1943 1299 2009 unica
1328 1942 1475 2017 mentiti

326 2061 472 2129 insidens
491 2059 665 2154 aegritudo
686 2086 873 2130 cormeum
894 2065 988 2156 quasi
1011 2061 1132 2146 adurit,
1159 2063 1251 2158 quod
1276 2089 1336 2132 rex
1361 2066 1434 2157 ipse

326 2186 406 2251 milti
434 2210 500 2253 non
526 2183 706 2252 declaravit
730 2184 889 2252 Bluratue
917 2190 1211 2256 consecrationem.
1256 2189 1329 2282 Ego
1354 2214 1475 2280 surrey.

326 2309 486 2375 Bharatue
513 2308 605 2375 fratri
629 2306 744 2388 sltem,
768 2311 965 2403 imperium,
992 2336 1102 2380 earam
1131 2315 1251 2392 vium,
1284 2336 1434 2406 opesque

325 2432 430 2501 lactus
455 2450 573 2525 sponte
595 2429 761 2513 offerrem,
785 2432 837 2500 vel
860 2433 954 2503 nullo
977 2435 1108 2504 hortatu
1128 2453 1286 2540 urgente3
1310 2438 1476 2530 quantuli.

325 2557 428 2648 magis
455 2555 560 2620 iussus
586 2580 605 2620 a
630 2554 834 2649 populorum
860 2555 997 2625 domiuo
1019 2557 1208 2653 eodemque
1229 2576 1343 2652 patre,
1369 2581 1436 2626 uee

324 2703 392 2744 nou
427 2694 463 2742 ut
497 2677 555 2741 tibi
582 2696 710 2770 gratum
735 2679 901 2760 lacerem,
932 2684 1174 2773 promissorum
1198 2680 1302 2750 lidem
1326 2680 1435 2750 exsol-

326 2826 413 2869 rens.
455 2799 529 2866 Tali
554 2800 656 2869 modo
683 2821 718 2870 tu
742 2802 935 2896 pudibundi
958 2806 1103 2873 animum
1123 2807 1226 2900 erige.
1261 2803 1333 2875 Sed
1350 2803 1476 2900 quid9.

324 2925 390 2991 ltoc
420 2941 489 3004 est,
523 2924 617 3018 quod
648 2927 828 3022 princeps,
860 2928 985 2997 lumina
1019 2929 1053 2994 in
1083 2947 1194 3000 terrae
1220 2928 1292 2998 solo
1319 2928 1434 3025 ligem,

324 3050 448 3115 sensim
481 3048 632 3116 lacrimas
664 3050 795 3119 fundit?
837 3053 946 3118 Eunto
980 3053 1051 3119 siue
1081 3077 1174 3120 mora
1207 3052 1314 3122 nuntii
1344 3050 1497 3120 velo-to.

327 3176 466 3240 cissimis
487 3175 582 3266 equis
604 3175 701 3252 vecti,
728 3172 771 3239 ad
798 3175 972 3241 Bharatum
996 3175 1084 3267 regis
1110 3174 1199 3241 iussu
1225 3200 1266 3242 ex
1289 3175 1341 3243 ari
1365 3197 1437 3241 me·

329 3298 413 3364 terni
441 3295 523 3365 sede
556 3295 805 3364 adducendum.
856 3296 926 3364 En!
964 3322 1025 3390 ego
1050 3321 1119 3365 uon
1143 3293 1285 3388 amplius
1310 3312 1498 3366 sertata-tt.

327 3420 391 3487 bor
416 3422 519 3513 patris
546 3418 688 3501 dietum,
714 3417 775 3486 sed
800 3419 881 3487 ltine
906 3418 1043 3488 festinus
1069 3419 1264 3513 proficiscar
1284 3415 1328 3483 in·
1344 3420 1439 3485 Dara·

328 3541 489 3610 dacorum
522 3541 668 3624 deserta,
702 3561 739 3609 ut
771 3543 1027 3637 quatuordeeim
1062 3565 1165 3610 annos
1198 3542 1246 3608 ibi
1279 3541 1436 3628 habitem.
1570 3603 1577 3616 ,

327 3665 467 3733 Caecet's
493 3691 573 3733 sero
598 3664 693 3746 laeta,
715 3665 828 3734 audito
845 3668 915 3735 eius
932 3691 1087 3735 sermone
1105 3665 1305 3760 profectioni
1331 3662 1435 3733 lidem
1454 3687 1499 3734 ta.
1520 3673 1526 3682 '

327 3789 470 3862 habeus,
513 3791 718 3882 Raglauidcm
751 3790 794 3858 ad
833 3790 1059 3860 festinandum
1092 3789 1238 3885 impulit:
1277 3789 1326 3856 lta
1363 3787 1435 3858 liat!
1454 3799 1500 3866 ιδ.

329 3910 428 3979 llrunt
454 3915 570 3990 nuntii,
594 3912 807 3981 velocissimis
835 3915 931 4009 equis
954 3915 1057 3990 vecti,
1084 3915 1142 4007 qui
1166 3914 1340 3981 Blutratam
1364 3936 1437 3982 mo-

328 4054 447 4114 neant,
482 4062 521 4103 es
552 4036 600 4101 ori
634 4040 773 4104 materni
807 4037 887 4106 sede
922 4036 1060 4106 domum
1091 4061 1164 4105 esse
1189 4035 1437 4106 revertendum.

328 4158 408 4223 Tibi
435 4176 542 4225 autem
571 4158 713 4228 sollicito
740 4160 933 4230 dilationem
959 4184 1026 4228 non
1052 4162 1124 4229 sore
1151 4159 1360 4231 tolerabilem
1385 4167 1502 4251 arad.

330 4282 453 4361 bitror,
489 4308 508 4350 o
536 4286 650 4362 lldtua3
674 4305 884 4380 quapropter
909 4306 940 4354 te
966 4309 1113 4379 propere
1146 4286 1227 4354 laiue
1257 4285 1292 4352 in
1325 4283 1440 4352 silvam

331 4404 423 4470 abire
447 4422 590 4499 oportet.
643 4373 684 4473 lit
717 4408 809 4503 quod
840 4435 920 4485 ret,
953 4407 1075 4502 pudori
1103 4409 1284 4489 obnoxius,
1308 4407 1381 4501 ipae
1406 4413 1501 4482 tet5.

332 4551 401 4592 non
427 4527 618 4620 alloquitur,
642 4529 675 4595 id
698 4529 780 4597 uihil
807 4551 866 4612 est,
892 4533 1017 4597 iureuis
1035 4529 1329 4623 praestantissime:
1354 4527 1439 4596 ltaee

331 4650 468 4719 ollensio
504 4653 697 4720 dimittatur.
755 4655 921 4739 Quamdiu
956 4673 992 4721 tu
1024 4679 1064 4722 ex
1098 4655 1160 4721 ltac
1194 4652 1279 4720 ttrbe
1313 4658 1501 4724 summitti.

331 4799 408 4840 cum
436 4775 646 4847 festinatione
669 4802 736 4845 uou
757 4778 856 4846 fueris
878 4779 1058 4872 prul'ectus,
1083 4775 1209 4846 tamdiu
1234 4793 1331 4871 patet·
1354 4793 1440 4857 tuot,
