3609 5817
383 745 466 828 304
724 735 812 822 Lu.
833 731 893 824 ll.
929 729 1031 824 Car.
1049 733 1151 824 XX.

805 1003 955 1070 CAPUT
988 1003 1061 1069 XX.

663 1213 903 1308 Caesarue
939 1239 1213 1305 taatnurtno.

343 1495 366 1537 1,
479 1454 681 1550 Egrctlieutc
705 1477 783 1521 vero
808 1455 842 1519 in
865 1450 1040 1547 publicum
1069 1452 1189 1522 iuuetis
1220 1453 1374 1524 manibus
1398 1433 1518 1552 prin)

383 1582 458 1674 cipe
482 1578 782 1674 praestantissimo,
818 1578 934 1668 ingens
966 1575 1104 1643 eiulatus
1136 1575 1337 1646 seminarum
1369 1605 1410 1648 ex
1432 1607 1487 1676 gy-

339 1725 366 1762 2.
381 1725 505 1768 uaecco
530 1701 681 1793 protinus
705 1716 796 1765 ortus
822 1716 882 1767 est.
934 1698 1040 1780 ”Qtri,
1071 1721 1115 1764 ne
1138 1695 1329 1768 admonitus
1351 1703 1487 1796 quidem

380 1850 397 1889 a
422 1841 516 1916 patre
537 1821 580 1889 dc
605 1822 704 1887 rebus
725 1817 872 1911 agendis,
896 1841 954 1882 sua
976 1834 1097 1910 sponte
1112 1844 1253 1886 munera
1276 1821 1411 1910 obibam
1432 1827 1486 1918 qui

381 1947 536 2014 columen
555 1947 652 2013 nubis
675 1945 779 2011 suerat
795 1967 833 2010 ac
851 1940 1070 2035 praesidium:
1094 1942 1151 2011 illc
1170 1943 1262 2010 idem
1285 1945 1405 2014 Rimas
1425 1949 1485 2014 iam

338 2066 365 2124 ἶ·
381 2071 413 2135 iu
452 2069 604 2136 exsilium
632 2085 762 2161 perget.
828 2063 942 2148 Qualis
983 2065 1150 2135 officiosus
1184 2093 1264 2164 erga
1297 2069 1487 2164 genitricem

381 2195 567 2263 Causaliam
592 2219 626 2261 sc
651 2219 770 2286 gerere
795 2189 900 2272 solet,
924 2192 1054 2284 pariter
1076 2193 1248 2260 internos
1271 2211 1420 2260 versatus
1441 2209 1486 2260 cat

336 2319 397 2399 la
429 2319 592 2386 natalibus
622 2315 703 2382 inde
733 2315 932 2406 Raghuides.
987 2315 1063 2382 Non
1091 2317 1245 2384 irascitur
1272 2315 1328 2385 vel
1350 2315 1485 2384 malctli-

381 2443 441 2508 ctis
465 2459 631 2522 oneratus,
656 2439 735 2507 (lum
760 2442 833 2533 ipse
857 2442 946 2519 ritat,
970 2437 1134 2532 quicquid
1157 2441 1240 2506 iram
1257 2463 1398 2508 movere
1413 2463 1485 2534 pot-

380 2564 431 2646 sit,
465 2581 499 2630 et
528 2563 698 2657 quoslibet
727 2566 828 2630 iratos
853 2561 988 2656 placare
1011 2561 1142 2629 studet:
1174 2561 1233 2630 ille
1264 2559 1359 2630 iclem
1388 2535 1483 2632 horle

337 2688 459 2752 5.l1iuc
482 2688 516 2752 iu
541 2685 690 2752 exsilium
713 2703 843 2779 perget.
899 2687 1073 2778 lusipieus‚
1099 2683 1204 2752 eheu!
1235 2711 1296 2754 rex
1320 2685 1482 2756 nostcrin

379 2806 479 2872 rebus
505 2808 655 2872 humanis
685 2825 852 2887 versatur,
884 2826 1001 2899 utpote
1034 2810 1092 2900 qui
1117 2807 1249 2875 deserat
1269 2807 1483 2902 llaghnitlem,

335 2929 528 2994 nomnium
559 2929 771 2996 animantium
804 2928 1037 3020 praesidium«
1073 2964 1124 2979 -
1155 2933 1252 3000 llunc
1287 2937 1325 3002 iu
1354 2933 1483 3002 modum

378 3050 519 3144 pellices
542 3054 665 3146 regiae,
690 3077 751 3120 ccu
775 3055 932 3120 iuvencae
956 3053 1065 3122 ritulis
1084 3055 1195 3137 orbae,
1219 3057 1394 3126 (laurinum
1409 3079 1482 3152 pro·

335 3177 448 3257 7.lu·is
478 3179 657 3261 insectari,
695 3175 827 3270 altaque
863 3202 944 3246 voce
978 3178 1114 3244 eiularc.
1163 3179 1208 3247 At
1237 3205 1301 3248 rex
1333 3205 1480 3252 macrore

378 3319 521 3394 propter
554 3301 657 3368 silium
692 3319 845 3381 vexatus,
881 3299 992 3366 audita
1025 3327 1065 3368 ex
1101 3327 1271 3394 gynaeceo
1307 3303 1481 3374 miserabili

333 3431 362 3492 8.
378 3427 664 3520 comploratiouc,
703 3428 737 3492 iu
767 3444 839 3494 turo
875 3427 995 3492 setleus
1027 3427 1205 3495 contabuit
1263 3429 1382 3498 Rimas
1410 3451 1481 3498 vcro

377 3550 594 3618 veliementer
618 3573 816 3630 concussus,
841 3550 1012 3642 ingemens
1036 3548 1138 3617 veluti
1161 3547 1321 3642 elephas,
1351 3553 1418 3620 sibi
1437 3571 1482 3620 ta-

378 3697 456 3738 men
492 3675 682 3766 imperans,
723 3672 821 3738 simul
854 3697 931 3739 curn
961 3673 1062 3740 fratrc
1092 3672 1175 3740 adiit
1202 3675 1317 3742 matris
1352 3677 1482 3768 regiam.

332 3829 361 3890 9.
377 3795 428 3861 lbi
451 3794 535 3862 riclit
558 3796 664 3862 virum
688 3794 911 3888 grandaevum
935 3800 969 3863 in
994 3822 1121 3864 summo
1145 3798 1282 3865 lionoris
1306 3799 1413 3892 gradu
1434 3825 1482 3868 se·

377 3919 513 3986 ‹leutem
532 3921 618 3986 iuxta
641 3917 758 3986 «lomus
777 3940 919 4014 portam,
936 3921 1086 4014 aliosque
1108 3919 1228 3988 multos
1253 3923 1284 3988 ci
1309 3923 1478 3992 adstantes.

317 4076 362 4117 ιο,
378 4045 631 4136 Quamprimum
665 4062 909 4136 conspexerant
933 4047 1084 4126 llalmam,
1109 4045 1219 4111 cnueti
1243 4070 1321 4114 eum
1344 4049 1483 4116 circum-

378 4187 518 4248 stetere,
547 4184 645 4258 atquc
675 4166 762 4232 litatae
798 4192 935 4235 vocem:
971 4165 1099 4236 Viaca!
1135 4169 1342 4260 llaghuiclae,
1371 4171 1483 4240 victori

319 4321 363 4360 tt.
381 4291 567 4370 fortissimo,
591 4289 822 4356 acclamavere.
873 4293 1052 4383 Postquain
1072 4293 1246 4358 transierat
1266 4291 1326 4362 ille
1345 4297 1485 4390 primam

379 4415 504 4495 attilam,
536 4413 617 4480 vidit
641 4415 674 4477 iu
699 4413 842 4480 securula
869 4416 1089 4480 liraeluuauas
1113 4417 1147 4479 in
1171 4415 1264 4482 libris
1288 4419 1392 4486 sacris
1414 4441 1487 4486 vet·-

320 4563 364 4604 12.
380 4554 484 4615 satos,
509 4533 732 4626 grandaevos,
757 4563 774 4600 a
800 4563 876 4630 rege
903 4538 1086 4602 luuuuiliee
1111 4537 1249 4604 habitos.
1302 4541 1413 4610 llesce
1435 4567 1486 4608 sc-

381 4683 439 4722 nes
464 4677 656 4738 veneratus,
691 4657 773 4725 vidia
799 4660 830 4724 iu
855 4657 926 4724 aula
954 4659 1049 4726 tertia
1073 4658 1232 4740 seminas,
1266 4679 1335 4727 tum
1359 4660 1487 4756 puellas

322 4783 447 4845 13.tuut
481 4804 584 4862 autu,
617 4784 651 4845 iu
682 4781 863 4849 ‹turstoeliarn
900 4803 1017 4874 portae
1052 4781 1202 4850 intentas.
1264 4785 1333 4852 llac
1371 4785 1489 4868 laetae,
