3609 5817
449 720 535 806 rto
789 714 878 804 Lm.
899 710 960 804 11,
990 709 1092 805 Car.
1111 711 1199 803 111.

450 957 566 1028 regem
579 929 804 1015 Dasaratham,
825 934 921 1001 sicuti
932 931 1077 1002 Caelites
1092 935 1255 1003 Valsavum
1267 933 1420 1002 venerari
1440 930 1557 1006 solent.

388 1061 437 1126 25.
451 1059 511 1125 llis
547 1053 769 1126 circumdatus
794 1078 855 1121 rex
885 1057 1019 1148 sapiens
1056 1053 1200 1148 perinde
1234 1079 1274 1122 ac
1298 1057 1445 1124 Visatur
1466 1059 1559 1126 Ven-

452 1186 508 1266 tis,
533 1184 569 1249 iu
587 1179 692 1275 podio
718 1178 841 1247 sedens
867 1205 968 1248 curru
988 1198 1119 1247 vectum
1141 1178 1248 1246 filium
1271 1203 1368 1246 suum
1390 1177 1476 1249 vidit
1500 1180 1560 1248 ad-

389 1313 437 1380 26.
451 1327 651 1389 ventautenr,
666 1303 856 1373 Fidicinum
882 1304 1076 1372 coelestium
1096 1304 1166 1399 regi
1188 1302 1341 1386 similem,
1365 1301 1560 1372 fortitudine

451 1457 509 1500 sua
534 1454 596 1524 per
610 1428 728 1496 orbem
750 1444 914 1494 terrarum
938 1425 1153 1507 celebratum,
1177 1423 1293 1493 validis
1306 1424 1440 1494 lacertis
1463 1451 1561 1520 prae-

388 1575 438 1640 ²7·
452 1552 576 1634 ditum,
602 1549 771 1643 elephanti
789 1548 933 1616 libidine
970 1549 1098 1615 incensi
1123 1550 1226 1615 instar
1251 1546 1477 1641 gradientem,
1501 1573 1561 1620 ore

451 1699 636 1770 purpureo,
661 1676 795 1742 Rimam
818 1674 890 1739 visu
914 1669 1012 1738 valde
1038 1669 1227 1753 amabilem,
1251 1669 1368 1754 forma,
1387 1671 1561 1740 nobilitate

452 1802 664 1894 ingenueque
689 1794 805 1864 indole
825 1795 998 1864 bominum
1023 1794 1138 1864 oculos
1163 1796 1357 1888 animosque
1382 1792 1427 1862 ad
1447 1818 1484 1863 se
1507 1819 1561 1862 ra-

389 1920 438 1988 28.
451 1924 616 2016 piantem,
641 1938 854 1990 recreantem
880 1917 983 1986 corda
1013 1920 1226 1986 animantium
1250 1918 1346 1985 sicuti
1373 1915 1470 1988 dirus
1493 1919 1560 1986 lm

433 2048 516 2114 ber
548 2046 652 2112 nimio
687 2042 799 2111 calore
832 2040 1031 2136 languentes
1061 2041 1184 2110 reficit:
1215 2041 1306 2110 bunc
1333 2039 1435 2110 talem
1465 2065 1560 2110 accc·

388 2188 439 2253 29.
453 2165 588 2233 dentem
612 2161 737 2232 tuendo
770 2188 832 2229 rex
864 2180 1010 2229 mentem
1043 2161 1171 2256 expleri
1204 2164 1374 2257 nequibat.
1425 2163 1473 2234 At
1496 2163 1560 2232 Su·

451 2307 595 2356 manuae
620 2284 828 2382 Raghuidem
853 2286 895 2351 ab
920 2283 1052 2353 excelso
1085 2310 1185 2353 curru
1208 2286 1425 2355 desilientem
1447 2286 1558 2356 suble-
1583 2273 1586 2278 ¹

451 2414 548 2494 vovit,
570 2430 669 2505 atque
691 2409 734 2478 ad
755 2411 857 2505 patris
883 2411 1104 2502 praesentiam
1127 2432 1343 2504 progressum
1366 2429 1560 2480 reverenter

391 2546 438 2611 30.
452 2537 647 2604 subsecutus
675 2553 734 2602 est.
784 2534 939 2601 Protinus
965 2531 1155 2625 llagbuidea
1181 2532 1293 2614 beroa,
1318 2535 1433 2628 auriga
1457 2535 1559 2604 comi·

453 2678 559 2739 tante,
584 2657 726 2750 podium
749 2657 911 2723 cacumini
927 2658 1047 2722 montis
1062 2654 1182 2723 Callaisi
1200 2657 1427 2750 comparabile
1441 2683 1558 2728 ascen·

390 2785 440 2847 δι.
455 2778 505 2845 dit
529 2779 573 2844 ad
599 2797 728 2872 patrem
753 2778 937 2846 visendum.
992 2782 1080 2845 Tum
1115 2804 1227 2848 coram
1255 2799 1352 2875 patre
1377 2783 1558 2852 consistens

454 2902 621 2994 protensis
641 2901 791 2967 manibus
805 2898 1030 2995 inclinatoque
1045 2925 1198 2996 corpore,
1223 2900 1304 2969 dum
1318 2927 1445 2974 nomen
1465 2929 1557 2976 mum

391 3035 441 3099 52.
456 3022 543 3092 clara
557 3050 640 3094 voce
655 3026 897 3120 pronunciabat
907 3019 956 3117 ²),
989 3024 1096 3120 pedes
1127 3028 1287 3120 genitoris
1310 3024 1469 3098 adoravit.
1494 3029 1559 3096 llex

455 3149 663 3243 conspicatus
694 3146 790 3217 lateri
819 3174 878 3217 suo
909 3148 1030 3243 palmis
1057 3150 1144 3218 cavis
1175 3151 1264 3220 iuter
1289 3175 1325 3218 se
1356 3127 1478 3220 iunctib
1500 3147 1558 3218 ad·

453 3291 605 3355 stantem,
628 3298 729 3340 mann
752 3273 823 3340 eius
848 3273 1016 3366 prehensa
1040 3289 1215 3342 attractum
1239 3270 1282 3341 ad
1306 3298 1343 3341 se
1368 3299 1482 3342 carum
1501 3297 1556 3340 ns-

392 3397 441 3462 53.
455 3417 523 3463 tum
548 3394 752 3489 amplexatus
780 3413 838 3462 est
888 3397 1073 3490 Assignasit
1097 3395 1221 3463 deinde
1246 3397 1367 3464 bimae
1391 3415 1558 3492 praestru-

454 3521 616 3587 tissimum
640 3517 765 3598 scdilc,
791 3518 855 3584 iam
889 3538 987 3586 antea
1017 3538 1184 3611 paratum,
1216 3521 1357 3614 gemmis
1393 3545 1556 3614 auroque,

393 3644 492 3725 blut
521 3641 684 3723 decebat,
716 3639 986 3709 condecoratam.
1044 3641 1172 3710 Solium
1197 3642 1263 3713 hoc
1297 3667 1378 3712 ase
1400 3643 1558 3712 insessum

454 3763 645 3857 Raglruidcs
682 3762 878 3831 illuminavit
907 3762 1091 3855 splendore
1127 3790 1206 3848 suo,
1235 3768 1331 3836 sirmi
1361 3765 1414 3836 sol
1448 3767 1558 3836 orient

393 3899 441 3963 35,
456 3911 541 3982 puro
568 3889 683 3955 iubare
707 3904 856 3953 montem
871 3889 1012 3952 Merum.
1064 3885 1271 3957 Claritudine
1298 3892 1368 3958 eius
1390 3888 1472 3959 iude
1494 3885 1557 3956 dil'-

456 4012 525 4078 susa
549 4009 669 4077 cllulsit
694 4008 767 4076 aula
781 4032 917 4102 quoque
936 4010 1088 4077 universa
1104 4012 1200 4079 sicuti
1224 4011 1304 4080 luna
1328 4014 1458 4084 oriente
1482 4035 1559 4082 coe·

465 4170 710 4186 -u--—=-

516 4258 545 4336 2)
567 4257 645 4320 Erat
673 4256 734 4319 boc
762 4256 976 4319 observantiae
1008 4255 1172 4337 iudicium,
1203 4260 1291 4343 quod
1317 4261 1474 4346 negligere
1495 4281 1559 4322 noa

577 4357 690 4420 licebat
711 4357 799 4438 saliis,
832 4356 1006 4438 discipulis,
1037 4358 1291 4439 adolescentibus,
1314 4371 1437 4444 patret,
1464 4359 1561 4444 megi·

576 4470 674 4534 stros,
700 4478 794 4534 senes,
812 4480 917 4519 omncs
946 4456 1080 4542 denique
1101 4460 1134 4519 in
1156 4461 1283 4543 potiore
1307 4459 1435 4522 honoris
1461 4459 1560 4544 gradu

577 4559 747 4620 collocatos
781 4557 971 4620 adeuntibus.
1024 4559 1145 4621 Morem
1177 4561 1267 4622 fuisse
1295 4559 1559 4644 antiquissimum,

578 4667 663 4739 patet
692 4679 728 4722 ex
759 4659 868 4719 Μαντώ·
889 4669 1077 4742 praecepto,
1099 4660 1139 4723 ad
1159 4660 1344 4746 discipilum
1369 4668 1404 4727 el.
1420 4656 1557 4748 magistri

578 4777 704 4821 uxorem
726 4765 891 4842 spectante.
915 4759 951 4837 ll,
974 4754 1046 4820 216.
