3609 5817
556 731 826 821 Laoaaoauu
856 753 1002 821 sanam
1038 753 1208 823 omno.
1285 756 1288 764 ·
1348 741 1434 827 203

325 951 498 1016 hominum
525 966 633 1022 coctu.
689 949 774 1015 Huic
803 950 1012 1041 magnanimo
1044 947 1156 1017 danda
1189 968 1238 1019 eat
1265 946 1336 1020 Stu
1359 977 1470 1048 meast

325 1092 482 1164 tanquam
514 1071 642 1137 virtutis
672 1072 866 1163 praemium.
916 1070 1085 1165 Equidem
1115 1069 1219 1141 fidem
1243 1097 1351 1141 meam
1376 1099 1434 1142 cx·

325 1194 453 1262 solvere
481 1193 602 1286 cupio,
636 1189 730 1285 quod
759 1191 979 1286 comprobare
1010 1212 1042 1262 tc
1066 1191 1173 1262 decet.
1235 1192 1315 1263 Siue
1340 1218 1434 1264 mora
1447 1228 1492 1276 to.

326 1343 430 1411 ergo,
466 1339 585 1410 magne
608 1339 686 1395 rex,
726 1314 819 1410 qnod
844 1316 988 1385 sanatum
1011 1318 1073 1385 tibi
1098 1319 1159 1400 ait,
1199 1342 1276 1386 cum
1300 1318 1435 1414 religio·

324 1466 405 1508 uum
428 1438 608 1533 magistris,
642 1440 785 1506 antistite
811 1438 994 1510 domestico
1020 1443 1217 1524 comitante,
1250 1442 1317 1512 huc
1343 1442 1433 1527 adca,

325 1582 363 1631 ut
382 1560 588 1657 Raghuidcm
612 1562 742 1628 revisas.
777 1564 889 1630 Tuum
910 1582 979 1646 eat,
1005 1566 1041 1632 in
1063 1564 1264 1635 exsolvenda
1289 1564 1358 1635 fide
1379 1591 1433 1635 me
1446 1589 1495 1635 aa.

324 1686 497 1767 adiuvare,
525 1707 593 1779 quo
626 1682 712 1753 sacto
746 1684 858 1779 gaudii
887 1686 1007 1756 afiliis
1040 1690 1104 1756 tuia
1138 1690 1259 1757 virtute
1294 1690 1434 1783 quacaiti

324 1810 495 1902 particeps
526 1807 625 1876 fiee«
683 1805 802 1873 Talem
834 1809 1018 1895 orationem
1054 1808 1196 1903 protulit
1224 1808 1493 1880 Videhorumaa.

326 1930 481 1999 dominus
495 1982 506 2014 ,
541 1932 737 1999 Viavamitra
762 1931 1021 2024 comprobante,
1059 1951 1130 1999 tum
1154 1931 1334 2001 Satduaudi
1358 1958 1436 2002 aeu-

326 2057 462 2123 tentiam
484 2074 627 2125 secutus.
652 2085 702 2104 -
730 2051 853 2121 Audita
877 2053 1062 2149 legatorum
1092 2057 1276 2136 acuteutia,
1306 2080 1366 2123 rex
1390 2055 1434 2125 ad
1447 2064 1493 2130 13.

325 2204 487 2247 summam
517 2177 676 2246 laetitiam
705 2195 858 2259 cractua,
899 2176 1111 2245 Vaaiahtham
1140 2176 1434 2273 Vdmadevumque

328 2322 524 2394 cetcroaquc
557 2298 776 2368 conciliorum
809 2300 917 2367 socios
950 2298 1070 2368 talibus
1095 2297 1202 2372 affari:
1241 2300 1434 2371 Cmtoditua
1449 2305 1495 2387 ad.

326 2426 492 2492 aCauaici
517 2422 586 2492 filio
608 2425 745 2504 Rimas,
770 2444 838 2516 quo
860 2439 966 2490 mater
990 2419 1143 2490 causalia
1168 2420 1286 2491 laetior
1304 2424 1342 2491 in
1363 2421 1435 2491 dica

326 2547 504 2641 gloriatur,
538 2546 738 2614 cumfratre
761 2547 929 2612 Laxmauo
954 2569 1045 2612 nuuc
1068 2543 1160 2639 apud
1184 2544 1336 2615 Viddhoa
1359 2570 1436 2615 ver·

325 2690 426 2741 aatur.
486 2669 603 2737 Edidit
633 2687 743 2736 autem
773 2667 902 2735 virtutis
940 2690 1020 2734 auae
1051 2665 1289 2736 documentum
1312 2668 1434 2738 Janaco
1448 2668 1497 2735 ¹5.

324 2796 554 2885 magnanimo,
579 2794 623 2860 ita
647 2810 683 2860 ut
706 2794 734 2859 is
756 2790 858 2857 filiam
882 2788 1074 2883 Raghuidae
1098 2809 1242 2886 nuptum
1268 2788 1348 2858 dare
1375 2813 1435 2858 cta-

324 2918 405 3010 piat.
460 2915 560 3001 Quod
582 2917 610 2984 ei
635 2917 729 2984 vobia
754 2914 865 3009 placet
887 2916 1076 3007 negotium,
1108 2915 1174 2985 cito
1198 2912 1355 2984 adeamua
1378 2914 1492 2986 1⁹16.

324 3043 399 3108 naci
426 3042 624 3134 magnanimi
657 3039 792 3124 urbem,
827 3037 1014 3107 curandum
1043 3057 1112 3120 eat,
1141 3062 1185 3107 ne
1216 3057 1347 3133 tempua
1371 3062 1435 3132 op·

325 3182 507 3274 Portunum
532 3181 728 3257 praetereat.
785 3165 933 3231 lifiniatri
965 3181 999 3231 et
1027 3163 1138 3255 magni
1160 3160 1335 3255 Sapientea
1364 3188 1431 3231 uno
1445 3184 1492 3251 tq.

325 3312 403 3363 oro,
429 3287 538 3380 Euge,
564 3286 703 3381 optimc!
729 3288 761 3354 ci
786 3284 1021 3357 acclamarunt.
1055 3286 1146 3351 Tum
1168 3309 1227 3351 rex
1251 3282 1432 3355 admodum

328 3408 432 3474 lactus
457 3436 513 3477 cos
539 3409 728 3489 admonuit,
762 3434 798 3478 ae
830 3435 902 3476 craa
928 3432 999 3476 coac
1023 3406 1263 3502 prosectumm.
1319 3407 1432 3475 Jauaci
1445 3404 1489 3470 18.

328 3532 424 3624 legati
451 3561 547 3615 acro,
584 3536 768 3603 honorifice
792 3534 937 3626 hospitio
968 3534 1118 3629 excepti,
1152 3530 1327 3605 commoda
1353 3556 1433 3627 poa·-

327 3678 518 3740 noetaruut,
544 3661 699 3728 omnibus
725 3656 857 3727 lautitiis
883 3657 1059 3725 asslucutca.
