3609 5817
361 745 441 825 tto
671 728 761 828 Lr's.
792 736 828 827 1.
857 733 962 829 Cer.
995 728 1141 831 xm.

755 1147 905 1216 CAPUT
954 1147 1057 1213 XLlL

399 1338 684 1430 Procrnsno
711 1363 928 1431 ssonrrron
963 1362 1187 1430 uslusto
1213 1365 1416 1436 suumn.

326 1709 351 1750 r.
457 1684 503 1749 At
525 1703 584 1748 rex
609 1678 767 1775 Saganos,
792 1705 906 1750 secum
929 1700 1087 1778 reputans
1110 1683 1328 1756 iamdudum
1346 1687 1461 1783 prole·

362 1823 431 1873 ctos
458 1828 531 1871 csse
552 1800 657 1884 lilios,
690 1800 804 1871 allatus
839 1822 891 1871 est
924 1822 1083 1896 nepotem
1114 1827 1174 1874 suo
1206 1806 1312 1900 ipsius
1347 1810 1462 1904 rigose

323 1952 351 1992 a.
361 1925 607 2020 splendentem:
630 1924 686 1990 Tu
710 1948 745 1991 es
770 1922 970 2007 bullionem,
1005 1949 1186 2021 rerumque
1211 1929 1356 2021 peritus,
1379 1936 1465 2002 anti·

360 2051 435 2142 quis
446 2047 607 2115 heroibus
623 2046 735 2140 vigore
760 2044 1045 2139 aequiparandum
1069 2049 1229 2145 investiga
1242 2052 1308 2120 iter
1325 2071 1464 2147 patrno-

319 2181 434 2241 &rum
456 2189 599 2251 tuorum,
621 2188 656 2237 et
671 2171 841 2237 cuiusnam
859 2171 950 2240 iussu
974 2195 1081 2266 equus
1106 2174 1150 2244 sit
1171 2175 1340 2271 abreptos.
1378 2177 1468 2248 Sub-

358 2309 510 2358 turraneu
531 2290 684 2359 animulis
707 2290 816 2359 vslida
836 2309 914 2359 sunt
936 2311 1036 2385 atque
1059 2295 1227 2365 immania:
1251 2324 1338 2394 quae
1355 2301 1467 2371 ntshs

318 2427 392 2505 με
418 2412 615 2508 propulsare
636 2415 762 2507 possis,
783 2411 959 2507 prehende
983 2433 1019 2484 tu
1044 2440 1159 2484 mcum
1179 2442 1371 2515 ensemque.
1394 2421 1467 2492 Vu-

361 2556 493 2605 nerstus
519 2534 738 2617 venerabiles,
762 2538 880 2604 occisis
903 2533 1028 2604 deinde
1053 2538 1288 2625 turbatoribus,
1313 2543 1468 2615 conlecto

362 2662 496 2752 nogotio
520 2659 588 2728 huc
612 2679 797 2740 revertere,
829 2660 1028 2728 sacrificium
1051 2687 1163 2730 meum
1196 2663 1241 2734 ud
1263 2665 1366 2734 finem
1387 2691 1470 2762 peu·

325 2781 535 2848 5.ducturus.
590 2778 648 2847 Sic
684 2782 747 2847 rito
789 2781 1005 2876 compellatus
1043 2811 1062 2852 u
1095 2783 1220 2878 Sugsro
1257 2791 1469 2883 magnanimo

365 2905 602 2983 Ansumuntes,
639 2920 814 2994 postquam
850 2928 965 2970 orcum
994 2906 1229 3004 acinacemque
1265 2929 1470 3005 sumpsmat,

325 3026 431 3095 &lovi
456 3049 556 3118 passu
573 3021 742 3116 profectus
767 3044 825 3092 est.
849 3024 947 3120 Regis
970 3027 1118 3112 hortatu,
1140 3052 1160 3098 o
1184 3031 1364 3126 princeps,
1387 3056 1470 3129 pro-

366 3146 580 3241 grediebatur
605 3148 633 3214 is
653 3171 716 3240 per
732 3149 817 3213 vium
836 3148 1085 3218 subterraneum
1110 3179 1127 3219 u
1149 3156 1276 3247 patruis
1298 3159 1470 3252 magnani-¹

327 3300 355 3361 7.
366 3274 428 3339 mis
459 3269 618 3339 effossam.
674 3271 727 3340 lbi
758 3274 933 3367 conspexit
963 3276 1014 3342 vir
1038 3273 1133 3344 fortis
1167 3274 1382 3370 elephantum
1405 3281 1471 3350 nh

365 3394 483 3463 mundi
519 3393 656 3464 cardine
681 3393 898 3477 collocatum,
933 3419 1034 3490 quem
1066 3397 1165 3481 Divi,
1189 3398 1384 3486 Danaidae,
1408 3400 1472 3472 Gi·

327 3534 499 3613 agrantes,
523 3520 700 3602 Lemures,
720 3517 826 3587 Alites
851 3517 1098 3614 serpentesque
1119 3539 1327 3592 venerantur.
1371 3523 1473 3596 llune

366 3643 424 3712 ille
450 3667 563 3710 vorsus
601 3638 751 3707 doxtrum
779 3637 1107 3707 circumambulutum
1136 3642 1279 3735 rogavit,
1311 3669 1355 3712 au
1377 3663 1472 3716 recte

368 3766 508 3853 ruloret3
536 3762 660 3833 deindo
684 3762 728 3830 de
752 3764 878 3855 putrnis
893 3764 959 3830 suis
973 3761 1211 3859 sonipedisquc
1234 3785 1369 3860 ruptore
1390 3794 1472 3864 per.

329 3910 551 3977 9.cuuctatur.
589 3887 794 3981 Elcplsuntus
820 3908 910 3967 vero,
931 3886 1023 3953 hisce
1048 3886 1178 3969 auditis,
1203 3891 1314 3982 magni
1340 3889 1471 3960 consilii

368 4018 521 4084 iuvenem
536 4031 650 4082 contra
666 4008 1022 4095 ull'utus,hsumanjide!
1044 4011 1162 4106 inquit,
1176 4011 1328 4081 conlecto
1336 4015 1471 4108 negotio

316 4157 406 4208 totu
436 4138 533 4204 brevi
563 4160 640 4202 eum
669 4156 755 4227 equo
789 4132 962 4199 remeabis.
1018 4133 1121 4202 Cuius
1153 4133 1211 4203 tuli
1238 4135 1330 4206 dicto
1356 4135 1471 4208 audito

368 4259 427 4330 ills
453 4284 569 4328 omnes
597 4258 793 4353 elephantos
827 4256 890 4323 suh
915 4254 1034 4324 mundi
1068 4256 1260 4327 cardinibus
1293 4258 1473 4332 collocutos

315 4406 410 4451 ruer
436 4382 555 4450 ordine
585 4400 661 4474 apto
701 4382 908 4472 interrogare
929 4375 1091 4472 ‘perrexit
1145 4381 1199 4448 Ab
1239 4382 1332 4451 hisce
1354 4382 1475 4454 mundi

371 4506 563 4573 custodibus
596 4502 688 4571 sandi
714 4500 820 4570 doctis
851 4502 924 4595 ipse
947 4499 1109 4571 socundus
1130 4504 1315 4575 honorilice
1341 4507 1475 4578 hubitns

370 4646 498 4721 gratum
531 4650 729 4721 responsum
754 4622 846 4707 tulit,
880 4648 915 4691 se
947 4646 1022 4691 oum
1045 4650 1132 4720 equo
1167 4626 1355 4698 rediturum
1391 4655 1473 4700 esse·

316 4778 363 4825 sa.
372 4749 523 4834 Quorum
546 4748 636 4820 dicto
658 4747 769 4820 audito
795 4748 861 4821 lesi
886 4774 986 4845 passu
1006 4749 1087 4823 illue
1107 4776 1303 4849 progressus
1323 4772 1394 4840 est,
1413 4749 1476 4826 ubi
