3609 5817
467 787 492 867 t
682 777 901 869 Pronum
934 804 974 864 m
1003 804 1171 865 nauum
1201 802 1367 865 romae.

566 993 755 1061 Scaturiens
776 1019 793 1055 e
813 990 1094 1060 montelemlcis
1105 1042 1115 1072 ,
1141 993 1175 1057 in
1190 990 1309 1057 Ralmae
1326 1013 1486 1057 oceanum
1505 1012 1576 1055 sese

466 1116 658 1198 effundens,
694 1137 842 1186 sanctum
870 1115 1045 1183 Ralme'ldos
1069 1115 1193 1181 llumen
1218 1115 1335 1183 lustrat
1359 1114 1476 1180 orbem
1501 1117 1576 1180 uni-

464 1264 595 1308 versum
619 1234 661 1324 l).
1006 1335 1030 1389 n

564 1464 718 1529 Veneror
751 1479 856 1528 vatem
883 1460 1001 1540 illum,
1035 1461 1240 1526 Praclidtasis
1268 1458 1371 1525 lilium
1402 1449 1457 1542 5),
1490 1458 1575 1524 inte-

464 1613 560 1683 grum
585 1590 687 1668 vitae,
715 1589 771 1679 qni
799 1611 867 1651 non
894 1587 1028 1652 satiatur
1053 1610 1186 1678 semper
1212 1582 1361 1650 bibendo
1381 1583 1499 1649 Rdinac
1519 1608 1576 1674 ge-

464 1727 590 1776 storum
615 1733 775 1775 oceanum
800 1728 1000 1773 nectareum.

1007 1824 1031 1877 >a

563 1954 684 2034 Salve,
720 1956 1005 2020 Anaclroretorum
1032 1980 1187 2047 praeses,
1225 1951 1309 2017 alme
1328 2004 1337 2033 ,
1374 1953 1451 2045 pie,
1486 1956 1575 2019 anun

464 2081 600 2145 scicntia
625 2078 766 2145 imbute!
795 2079 910 2160 Salve,
937 2077 1107 2158 l'allmlce,
1133 2082 1320 2170 iterumque
1344 2071 1450 2143 salve!

470 2239 739 2254 --uu-——uu-

590 2330 722 2390 reddere
741 2329 824 2389 licet.
855 2329 878 2387 A
902 2327 1010 2408 priscis
1028 2327 1108 2386 enim
1120 2327 1265 2387 Romanis
1282 2338 1364 2388 vates
1380 2327 1575 2402 dicebantur,

587 2429 641 2510 qui
664 2429 702 2489 de
725 2429 815 2489 rebus
838 2426 948 2487 divinis
978 2427 1108 2508 latisque
1135 2428 1245 2487 suturis
1272 2430 1397 2489 oracula
1426 2427 1575 2498 edebant;

586 2549 656 2587 sero
683 2527 807 2587 demum
826 2527 1009 2586 translatum
1030 2536 1075 2586 cst
1099 2526 1283 2586 vocabulum
1301 2527 1340 2587 ad
1357 2537 1479 2607 poetas,
1502 2527 1576 2609 quio

588 2627 734 2687 nimirum
751 2627 884 2707 proprio
903 2625 978 2686 artis
990 2627 1133 2707 poeticae
1148 2626 1272 2687 nornine
1286 2628 1387 2708 lingua
1397 2625 1507 2688 Latina
1522 2648 1576 2687 ca.

588 2724 687 2786 rebat.
716 2726 869 2785 Vallmlces
887 2734 954 2785 tum
972 2735 1066 2806 poeta
1086 2725 1164 2800 luit,
1189 2734 1254 2785 tum
1274 2736 1366 2802 vates,
1389 2725 1506 2806 quippe
1521 2726 1575 2807 qui

581 2824 691 2924 potius
712 2822 869 2885 divinandi
891 2825 1037 2886 facultate
1059 2847 1153 2908 quam
1174 2826 1353 2907 cognitione
1373 2824 1497 2886 aliunde
1518 2847 1576 2906 pe-

589 2924 770 2986 titnRalmae
785 2948 832 2987 res
844 2936 941 3008 gestas
957 2946 1030 2987 vere
1045 2926 1189 2986 cecinisse
1203 2923 1416 3006 perhibeatur.
1429 2960 1470 2970 —
1488 2926 1578 3001 Quae

590 3021 630 3084 de
642 3024 783 3084 vilissimo
793 3026 941 3086 lernicis
959 3024 1149 3100 conditione,
1164 3033 1196 3085 ct
1208 3024 1268 3085 vito
1280 3022 1429 3105 flagitiosa
1442 3045 1575 3083 narran-

590 3131 662 3198 tur,
683 3123 1096 3201 (Poura.l1m0r.1nn.1,
1116 3146 1146 3205 p.
1163 3122 1220 3183 178
1238 3130 1323 3206 sqq.)
1343 3124 1506 3184 manifesto
1524 3144 1576 3183 re.

590 3222 767 3284 contionum
798 3234 870 3284 sunt
894 3226 1064 3307 figmenta,
1088 3223 1222 3284 (eiusdem
1246 3224 1365 3283 farinae
1389 3224 1436 3281 vel
1460 3222 1577 3303 peioris

590 3322 683 3382 etiam
704 3345 796 3405 quam
817 3324 880 3384 vita
896 3326 953 3386 ista
967 3325 1096 3385 Homeri
1107 3323 1454 3387 Pseudo-Herodotca.
1482 3321 1577 3385 Nobis

589 3419 681 3502 ipsius
706 3420 850 3484 carminis
874 3424 1033 3506 potissima
1051 3424 1091 3485 sit
1118 3423 1307 3501 auctoritas,
1335 3423 1366 3482 in
1385 3422 1471 3481 cuius
1492 3422 1575 3482 libro

589 3523 722 3603 septimo
746 3534 838 3605 pocta
859 3524 963 3586 denuo
985 3524 1016 3585 in
1046 3546 1167 3585 scenam
1187 3523 1305 3605 prodit.
1347 3519 1519 3581 Exordium
1545 3532 1576 3582 et

589 3621 656 3681 finis
666 3622 835 3684 Rdme'idos
850 3624 962 3684 ultimo
979 3626 1050 3684 loco
1065 3625 1191 3707 quidem
1206 3633 1279 3685 sunt
1295 3621 1424 3698 adiecta,
1439 3630 1575 3682 attamen

587 3720 659 3780 salis
680 3724 816 3802 antiqua.

505 3808 543 3888 l)
564 3816 675 3879 Subest
696 3817 894 3900 comparatio
912 3839 982 3881 cum
999 3823 1116 3903 Gange,
1139 3819 1191 3879 cui
1206 3816 1300 3880 talem
1314 3803 1574 3902 virtutem‘vulgo

587 3918 742 3980 tribuunt.

506 4012 544 4090 δ)
564 4017 613 4077 De
632 4028 724 4098 patre
737 4017 885 4078 Vallmlcis
904 4016 981 4078 nihil
1000 4028 1208 4079 memoratum
1231 4018 1374 4099 repperi,
1396 4017 1451 4077 nisi
1472 4017 1574 4077 virum

587 4126 727 4178 sanctum
747 4119 846 4184 luisse.
889 4117 1011 4178 Nomen
1037 4140 1201 4179 commune
1220 4119 1246 4180 ci
1265 4128 1310 4180 cst
1337 4140 1408 4179 curn
1428 4117 1575 4193 Varium,

588 4216 738 4277 ludorum
760 4218 921 4300 Neptuno.
963 4218 1158 4280 Numeratur
1186 4240 1288 4300 porro
1309 4219 1385 4279 alius
1408 4216 1576 4280 Praeladlar

588 4313 671 4376 iuter
691 4315 796 4376 decem
812 4318 1035 4401 Progeuitores
1056 4317 1189 4379 deorum
1212 4318 1445 4401 homimunque.
1488 4318 1575 4384 Man.

587 4411 623 4489 Ι,
643 4411 693 4479 35.
723 4415 870 4477 Ceterum
891 4416 991 4477 videri
1012 4417 1107 4498 possit
1125 4437 1239 4480 nomeu
1255 4417 1317 4481 hoc
1332 4418 1417 4498 patri
1428 4417 1577 4480 Vallmicis

583 4511 719 4574 inditum
744 4516 911 4599 allegoriae
935 4516 1045 4599 gratio.
1083 4519 1161 4581 Nam
1180 4519 1205 4581 si
1231 4528 1358 4604 etymon
1385 4527 1577 4601 spectamus,

585 4613 679 4695 plane
702 4623 747 4683 est
769 4637 805 4678 ac
827 4616 853 4678 si
872 4625 966 4701 pocta
986 4616 1163 4680 Promethei
1184 4616 1264 4682 filias
1286 4619 1456 4682 diceretur.

851 4800 1197 4827 m
