3609 5817
444 779 531 862 962
800 771 888 858 Lu.
911 767 970 857 II.
1003 761 1205 857 cmlx.

385 1023 428 1064 ιο.
443 989 567 1058 vexillo
594 1008 733 1082 gestans.
794 991 843 1071 Is,
875 988 1014 1081 proprio
1046 987 1182 1054 nomine
1208 983 1389 1054 Sambarus
1421 979 1548 1064 diems,

441 1115 623 1180 innumeris
647 1111 834 1206 praestigiis
869 1109 1002 1192 fallens,
1038 1111 1138 1177 Titan
1164 1107 1423 1205 potentissimus,
1447 1129 1548 1200 proe-

441 1233 524 1300 lium
556 1234 719 1302 commisit
752 1257 828 1300 cum
854 1230 976 1312 Sacro,
1009 1231 1263 1323 irreprehensos
1293 1232 1479 1324 (quantum
1500 1229 1549 1296 ud

382 1377 427 1423 ιι.
431 1355 701 1445 fortitudinem)
732 1383 750 1421 a
783 1353 923 1422 deorum
956 1356 1105 1422 catervis.
1159 1353 1259 1420 Viros
1281 1354 1318 1420 in
1338 1377 1461 1448 magno
1480 1351 1562 1422 boo·

439 1481 570 1575 proelio
596 1478 699 1547 levius
732 1481 929 1574 graviusque
952 1477 1159 1561 vulneratos,
1190 1494 1294 1547 noctu
1325 1477 1464 1571 sopitos,
1488 1475 1547 1544 Gi-

380 1621 552 1696 ta.gantes
585 1605 638 1670 isti
670 1602 778 1669 subito
813 1603 1018 1669 incursantes
1049 1599 1189 1669 caedere
1219 1599 1256 1688 ¹).
1314 1600 1368 1666 lbi
1391 1617 1465 1668 tum
1486 1621 1545 1666 rex

439 1723 636 1791 Dasarathas
674 1724 743 1789 acri
776 1723 956 1790 certamine
990 1721 1138 1791 conflixit
1169 1747 1245 1790 cum
1279 1723 1474 1803 Titanibus,
1511 1739 1546 1791 et

439 1869 629 1941 quanquam
652 1843 769 1911 validis
785 1844 916 1914 lacertis
934 1843 1107 1939 praeditas
1122 1844 1195 1912 telis
1214 1869 1329 1913 eorum
1346 1864 1398 1915 est
1415 1843 1546 1914 consos-

379 1974 501 2040 15.sus.
528 1966 662 2034 Ibidem
685 1968 821 2034 maritus
851 1986 907 2036 tua
932 1990 1009 2061 ope,
1034 1965 1178 2047 domina,
1202 1984 1334 2034 avectus
1359 1991 1380 2034 e
1403 1963 1544 2060 praelio,

438 2091 489 2156 sui
514 2114 583 2157 non
615 2115 752 2187 compos
783 2116 822 2160 ac
846 2115 955 2185 paene
980 2088 1201 2170 exanimatus,
1235 2091 1448 2185 graviterque
1471 2117 1544 2162 ssu·

376 2217 424 2296 ¹4·
439 2213 508 2279 cius
534 2212 623 2292 telis,
649 2231 804 2281 tamena
829 2228 862 2278 te
886 2228 1033 2279 servatus
1057 2229 1116 2279 est.
1174 2211 1263 2276 Tum
1288 2227 1400 2306 gratus
1423 2209 1542 2302 ille,o

437 2354 583 2418 venusta,
610 2337 772 2405 concessit
797 2336 858 2402 tibi
882 2334 951 2403 duo
978 2359 1135 2415 munera,
1161 2359 1229 2428 qua
1252 2331 1296 2401 ‹le
1319 2359 1359 2402 re
1381 2333 1421 2402 id
1440 2333 1541 2406 modo

435 2462 589 2529 maritum
614 2460 787 2539 monuisti,
821 2477 857 2527 ut
882 2456 1152 2553 quandocunque
1173 2479 1314 2524 munera
1338 2475 1376 2526 tu
1399 2461 1544 2551 petitura

377 2584 546 2667 15.lores‚
581 2603 661 2650 tnnc
693 2583 856 2675 promissa
891 2581 1083 2676 acciperes,
1117 2577 1210 2674 quod
1243 2579 1293 2646 vir
1315 2581 1542 2672 magnanimus

437 2708 498 2772 tibi
525 2707 647 2772 annuit.
698 2704 865 2774 Attamen
889 2703 934 2771 ab
958 2728 1000 2771 eo
1033 2701 1116 2771 inde
1140 2720 1292 2798 tempore
1316 2701 1542 2772 nihilitatem

376 2829 579 2921 inaugura:
639 2827 807 2920 Equidem
837 2851 900 2921 per
930 2851 985 2894 me
1018 2828 1069 2894 rei
1101 2829 1216 2920 ignara
1244 2851 1338 2908 sum,
1360 2825 1442 2896 olim
1466 2853 1487 2895 a
1510 2845 1542 2896 to

435 2969 650 3019 memoratae:
684 2949 744 3018 sed
778 2951 963 3018 secundum
996 2975 1145 3020 amorem
1169 2979 1280 3022 meum
1307 2977 1387 3046 erga
1411 2971 1445 3022 te
1468 2977 1542 3022 nar-

377 3072 519 3168 17,1·atio
555 3073 617 3137 ista
647 3075 750 3141 menti
781 3075 880 3141 inlixa
915 3075 1030 3142 haesit
1086 3076 1156 3143 Iam
1187 3094 1222 3145 tu
1250 3099 1355 3170 posce
1388 3078 1541 3147 maritum

434 3197 514 3263 bina
545 3195 668 3261 haecce
689 3221 843 3264 munera:
866 3198 1027 3266 Rharatae
1060 3201 1343 3269 consecrationem
1367 3219 1402 3270 et
1423 3203 1541 3270 Rimas

372 3330 420 3404 18·
435 3318 585 3386 exsilium
611 3318 647 3382 iu
669 3344 773 3387 annos
801 3320 1064 3414 quatuordecim.
1112 3321 1268 3389 Protinus
1288 3321 1409 3394 intrato
1434 3325 1541 3416 offen·

433 3445 541 3511 sionis
568 3441 755 3509 cubiculum
776 3432 808 3532 a)
838 3441 933 3535 quasi
964 3442 1064 3522 irata,
1098 3441 1273 3537 Asvapatis
1297 3443 1381 3532 filia5
1405 3442 1539 3518 ‹lecum-

440 3655 682 3673 -ι-ι-

494 3786 522 3868 1)
546 3787 604 3848 llic
625 3796 693 3847 crat
713 3806 779 3846 mos
808 3783 991 3848 daemonum
1015 3787 1146 3850 istorum
1173 3788 1334 3870 (mistam)
1356 3789 1414 3856 diis
1434 3791 1535 3854 homi-

556 3885 708 3969 nibusque
727 3907 818 3968 saepo
849 3885 1042 3952 infestorum.
1103 3888 1227 3951 Nobiles
1251 3889 1356 3952 indiae
1375 3891 1539 3956 bellatores

552 3987 627 4049 tales
649 3985 771 4047 insidias
795 3987 1068 4067 jasperuabantur,
1091 4009 1194 4072 neque
1214 3988 1304 4052 aliter
1325 4013 1420 4074 quam
1439 4013 1539 4076 aequo

552 4088 656 4149 Marte
678 4107 749 4146 cum
772 4085 911 4146 hostibus
932 4086 1101 4168 confligere
1115 4088 1267 4150 volutant.
1310 4091 1358 4151 (Is.
1378 4095 1539 4176 qnacbla.

554 4207 611 4246 nus
630 4183 829 4247 bellatoribus
850 4185 1003 4268 praecipit
1017 4187 1091 4270 Cap.
1105 4189 1174 4266 vlt,
1187 4188 1258 4252 dist.
1269 4187 1319 4256 99.
1341 4191 1489 4254 Vertitur
1508 4190 1539 4252 in

547 4284 654 4352 eadem
682 4285 753 4348 belli
775 4285 902 4369 gerendi
932 4285 999 4369 lege
1028 4285 1123 4349 cardo
1145 4289 1345 4351 Batanaia:
1374 4299 1539 4374 postquam

553 4383 710 4446 Curuidae
731 4385 964 4446 Punduidaruna
992 4385 1102 4448 milites
1125 4388 1243 4468 sopitos
1266 4389 1539 4468 obtmncaverant,

553 4483 636 4546 nulla
665 4507 737 4548 cum
761 4485 795 4548 iis
814 4507 881 4567 lpas
904 4487 1051 4570 componi
1071 4495 1221 4570 poterat,
1242 4497 1275 4550 et
1297 4509 1345 4552 res
1365 4487 1406 4550 ad
1422 4489 1538 4553 bellum

556 4585 780 4647 internecivum
802 4583 937 4648 deuenit.

492 4697 522 4773 2)
545 4699 695 4762 Discimns
722 4701 795 4761 hinc
825 4723 946 4764 morem
974 4701 1180 4785 singularem,
1209 4700 1302 4762 fuisse
1324 4701 1354 4762 in
1380 4721 1537 4788 gynaeceo

552 4799 639 4880 regio
667 4801 843 4864 cubiculum
867 4803 994 4890 aliquod
1021 4814 1186 4880 secretum,
1209 4800 1333 4882 haute,
1356 4803 1539 4870 uaebmo-
