3609 5817
664 683 939 776 Manmaatn
967 709 1116 775 seatio.
1363 694 1449 784 2⁵9

339 906 411 985 lies,
434 928 473 971 ae
504 902 590 971 lilius
622 924 696 973 tuus
720 904 840 973 bimae
870 904 1041 973 servitium
1075 905 1208 973 subibit
1264 906 1450 977 Exsultabit
1466 934 1512 979 ra.

340 1028 493 1124 prosectu
526 1028 646 1096 lldmae
680 1027 820 1110 coniux,
857 1053 987 1098 summo
1021 1027 1097 1098 loco
1130 1032 1256 1125 posita3
1289 1028 1448 1125 depressa

340 1177 418 1220 vcro
443 1152 507 1218 erit
537 1175 638 1217 numa
674 1166 729 1217 tua
760 1150 795 1216 in
823 1150 982 1219 Bltaratae
1015 1150 1165 1219 aedibus.
1219 1150 1449 1220 Vehementer
1466 1160 1511 1224 o.

339 1275 489 1342 alllietam
513 1272 629 1341 videns
651 1271 861 1339 Mantbaram
885 1274 930 1340 ita
954 1273 1055 1341 verba
1086 1273 1280 1354 facientem,
1313 1270 1447 1342 domina

339 1398 480 1464 Caece't's
494 1397 613 1463 Bimae
639 1396 776 1464 virtutes
802 1396 958 1464 laudibus
986 1396 1156 1465 extollere.
1209 1396 1301 1465 Recti
1327 1424 1446 1492 gnarus
1465 1405 1510 1484 ¹4

339 1542 398 1600 est,
424 1525 550 1614 inquit,
577 1522 738 1615 magistris
765 1521 1016 1615 obtemperans,
1039 1523 1282 1590 beneficiorum
1304 1548 1449 1606 memor,

338 1644 513 1727 veridicus,
539 1646 683 1739 integer,
709 1646 823 1712 lldmas
846 1647 933 1740 regis
955 1645 1042 1713 lilius
1066 1666 1145 1715 natu
1166 1648 1342 1715 maximus:
1369 1647 1448 1716 ideo

338 1769 472 1860 imperii
504 1767 707 1833 consortium
727 1768 758 1833 ei
780 1765 934 1835 debetur.
971 1768 1104 1835 Fratres
1128 1768 1363 1862 ministrosque
1384 1794 1447 1863 per
1464 1771 1510 1836 15.

338 1889 473 1980 longum
489 1890 572 1956 vitae
597 1914 713 1957 aevum
730 1908 870 1982 paterno
892 1890 1000 1959 animo
1014 1890 1167 1959 tuebitur.
1197 1889 1373 1974 Quomodo
1400 1894 1446 1975 lit,

336 2014 491 2105 gibbum,
516 2033 552 2079 ut
578 2031 631 2093 ta,
664 2031 835 2106 comperta
860 2016 1131 2098 consecratione,
1155 2037 1312 2084 moerore
1340 2015 1446 2083 confi-

337 2137 456 2203 ciaris?
505 2135 661 2203 Bharatas
687 2159 841 2229 quoque,
871 2136 998 2205 iuvenis
1021 2139 1342 2232 praestantissimus,
1366 2142 1506 2233 poat16.

335 2278 492 2327 centenos
525 2283 629 2326 annos
655 2258 787 2343 2leae
823 2284 1017 2342 concessos,
1050 2261 1229 2355 imperium
1267 2280 1445 2356 paternum

334 2400 433 2475 atque
459 2383 580 2448 avitum
606 2400 701 2449 ecrto
727 2380 940 2476 adipiscetur.
990 2383 1046 2450 Tu
1071 2383 1506 2475 vero,Manahm,de17.

334 2505 440 2572 lausto
465 2530 630 2585 successu,
648 2504 707 2597 qui
731 2504 797 2570 iana
822 2505 920 2573 nobis
946 2508 1094 2600 contigit,
1110 2508 1168 2602 qni
1193 2505 1227 2574 in
1252 2510 1443 2603 praesentia

334 2628 429 2697 aelcst
454 2648 486 2697 et
511 2631 545 2696 in
570 2628 718 2697 futurum
743 2627 896 2713 durabit,
922 2655 1026 2725 quare
1051 2650 1117 2700 tam
1137 2631 1354 2700 vehementer
1379 2630 1443 2699 do·

335 2751 406 2819 les?
457 2752 603 2822 Perinde
628 2780 667 2823 ac
692 2754 847 2822 bbaratas
879 2756 992 2850 mngni
1015 2757 1098 2824 mihi
1130 2753 1506 2835 eataeatimandua,18.

331 2873 482 2942 similiter
517 2892 552 2941 et
574 2874 781 2968 Ragbnidca,
803 2871 856 2943 rel
887 2874 975 2944 ulna
1007 2877 1122 2946 etiam:
1154 2894 1270 2971 utpote
1293 2878 1351 2972 qui
1376 2880 1442 2945 mei

333 3022 440 3090 paene
467 2996 696 3065 observantior
721 2998 763 3066 ait
787 2999 822 3064 in
848 2999 939 3065 omni
971 2999 1078 3068 officio
1102 3025 1202 3093 qnam
1225 3002 1328 3093 ipsius
1355 3002 1443 3068 Cau-

332 3117 441 3185 saliae.
467 3115 567 3200 Quod
589 3142 728 3211 regnum
753 3118 809 3184 hic
831 3133 974 3210 occupat
992 3118 1119 3199 Rimas,
1145 3115 1180 3185 id
1204 3121 1309 3189 nihilo
1334 3125 1441 3192 secius
1459 3148 1504 3212 ap

332 3238 374 3305 ad
402 3241 573 3306 Bliaratam
597 3264 734 3335 quoque
748 3239 945 3333 pertinebit:
973 3241 1098 3307 etenim
1111 3241 1297 3335 Ragbuitles
1324 3244 1440 3312 iratres

331 3387 399 3430 non
426 3362 489 3430 alio
515 3362 590 3431 loeo
614 3363 730 3444 lrabct,
768 3385 867 3455 quam
900 3380 1007 3429 temet
1032 3363 1150 3455 ipsum.
1200 3364 1324 3434 Audito
1351 3367 1502 3438 Cac-ao.

333 3483 439 3551 celdis
464 3508 617 3552 sermone
639 3480 813 3548 Mantbara
843 3481 1061 3549 veliementer
1085 3481 1218 3566 afflicta,
1242 3483 1306 3554 alta
1328 3505 1361 3555 et
1386 3512 1440 3555 cn·

330 3604 398 3672 lida
421 3605 561 3697 suspiria
594 3602 747 3680 trabem,
774 3598 945 3669 dominam
970 3600 1081 3671 denno
1104 3602 1229 3675 allator.
1292 3608 1502 3702 Stuporear.

328 3727 447 3794 meritis
477 3744 650 3793 occaecata
684 3723 727 3792 ad
758 3725 882 3794 monita
912 3723 1082 3807 salutaria,
1115 3752 1184 3796 non
1216 3728 1372 3825 intelligia
1405 3750 1439 3801 ta

327 3849 529 3917 infelicitatis
562 3846 681 3942 pelago
713 3848 837 3939 mergi,
863 3873 1094 3917 aerumnarum
1119 3876 1158 3920 ac
1183 3851 1354 3920 turbarum
1374 3853 1437 3920 lln·

329 3974 436 4042 ctibus
459 3994 614 4064 expanso.
642 3970 712 4036 Rex
737 3968 985 4063 litliaghuidcs,
1009 3988 1042 4037 et
1066 3990 1143 4065 post
1168 3998 1244 4039 eum
1270 3975 1308 4054 ia,
1334 3998 1498 4067 quemaa.

327 4095 501 4186 generabit
524 4092 649 4179 filium3
673 4090 829 4160 libarataa
854 4116 935 4160 reru
960 4117 979 4160 e
1004 4096 1191 4188 propagine
1207 4098 1297 4190 rcgia
1320 4097 1436 4164 eiicie-

326 4237 387 4286 tur.
439 4220 514 4285 Nou
541 4236 658 4282 omnes
682 4236 761 4280 sane
785 4236 900 4306 regum
923 4213 983 4280 filii
1009 4216 1042 4281 in
1068 4240 1171 4308 reguo
1197 4233 1391 4297 statuuntur,
1413 4226 1496 4294 οὐ.

326 4341 469 4408 formosa
496 4337 638 4405 invenis:
672 4338 701 4403 ai
735 4359 851 4405 omnes
885 4339 1182 4416 constituerentur,
1214 4340 1330 4430 ingena
1356 4336 1436 4405 inde

325 4464 531 4556 perturbatio
556 4463 710 4528 oriretur.
760 4463 973 4554 Quapropter
1005 4480 1166 4530 terrarum
1200 4461 1327 4530 ‹lomini
1357 4470 1494 4555 met-2⁴.

323 4607 402 4649 nera
429 4583 523 4673 regni
552 4604 585 4650 rt
617 4581 783 4675 praesidia
809 4582 842 4647 in
869 4580 975 4648 silium
1005 4602 1082 4650 natu
1114 4586 1290 4651 marimum
1315 4584 1431 4653 conle-

325 4726 417 4787 raat,
453 4732 472 4770 o
498 4705 752 4784 formosissima,
777 4703 845 4769 aire
883 4704 958 4796 qnia
991 4703 1119 4798 probus
1144 4706 1196 4788 sit,
1229 4707 1297 4776 risa
1321 4730 1427 4778 secun
