3609 5817
712 716 866 807 Janau
892 740 1041 804 senno.
1345 727 1425 804 tet

323 935 404 1010 lira,
443 952 608 1027 quotquot
640 958 735 1001 arcus
760 957 825 1028 ope
851 932 1019 1026 discerpta
1050 932 1189 1000 fueraut.
1250 929 1311 997 tlte
1338 929 1489 1009 idemffi,

322 1083 418 1123 arcus
444 1058 740 1149 praestantissimus
761 1058 961 1149 magnanimi
986 1054 1099 1121 divdrn
1114 1056 1190 1121 Divi
1207 1073 1322 1147 postca
1338 1072 1429 1121 atavo

323 1199 436 1246 uestro
462 1182 610 1272 pignoris
635 1180 707 1246 vice
732 1180 767 1244 in
791 1204 926 1245 manum
951 1198 1001 1245 est
1025 1178 1174 1247 traditus.
1213 1179 1257 1243 At
1282 1173 1488 1269 aliquan-14¹.

324 1300 392 1380 do,
418 1300 498 1366 duiu
521 1326 581 1392 ego
604 1326 718 1392 agrurn
743 1300 893 1380 arebam,
926 1325 1059 1366 vomere
1092 1304 1251 1369 excitatur·
1277 1319 1310 1366 et
1335 1323 1353 1363 a
1379 1322 1431 1364 me

325 1442 446 1487 terrant
478 1426 699 1516 repastinante
735 1424 898 1514 excipitur
931 1420 1062 1515 puella,
1098 1428 1149 1490 cui
1187 1452 1204 1489 a
1236 1422 1328 1490 sulco
1357 1419 1435 1490 Sua

327 1571 448 1611 nouren
474 1546 672 1614 factumest
708 1546 799 1626 Quae
822 1544 960 1636 quidem
977 1544 1042 1610 tilia
1062 1570 1154 1622 rnen,
1181 1570 1248 1611 nou
1275 1571 1313 1612 cx
1341 1563 1433 1612 utero
1450 1557 1493 1616 15.

327 1689 401 1734 nata
425 1668 484 1735 sod
511 1696 529 1735 c
555 1668 672 1735 tellure
698 1668 802 1745 edite,
831 1691 935 1759 quum
954 1667 1177 1747 adolesceret,
1204 1669 1289 1735 lianc
1315 1674 1345 1735 ei
1371 1689 1436 1737 sta-

328 1793 373 1856 tui
410 1790 652 1870 conditionem,
690 1808 726 1856 ut
760 1792 851 1881 virgo
885 1789 1088 1857 fortitudinis
1121 1793 1305 1883 praemium
1339 1814 1434 1861 esset.

329 1918 372 1981 At
399 1912 585 2006 complures
619 1938 713 2006 reges
739 1939 792 1979 mc
818 1887 1020 1994 convenere,
1051 1933 1086 1980 ut
1111 1913 1211 1980 filiam
1238 1940 1343 1981 meam
1372 1942 1435 2008 pu·
1452 1918 1498 1977 ui.

327 2040 518 2104 hesccntetn
550 2062 567 2102 c
598 2036 716 2104 tellure
745 2036 866 2103 editam
900 2054 1042 2128 nuptum
1080 2054 1243 2128 peterent.
1294 2038 1432 2106 Cunctis
1452 2057 1498 2118 ¹7·

328 2161 418 2228 hisce
440 2180 600 2227 terrarum
617 2159 759 2226 dominis
778 2156 926 2252 puellam
946 2159 1136 2251 petentibus
1157 2155 1315 2253 equidem
1334 2157 1434 2225 tiliam

328 2282 459 2351 tradere
484 2282 594 2366 nolui,
621 2286 670 2352 vir
689 2283 889 2364 venerande,
916 2282 1089 2351 declarans
1107 2307 1180 2349 eam
1196 2283 1323 2351 virtutis
1338 2307 1437 2376 prae-

327 2409 429 2473 mium
454 2407 534 2479 sorc.
592 2409 635 2474 Hi
666 2433 761 2502 reges
794 2406 919 2475 deinde
950 2410 1119 2476 communi
1151 2406 1289 2476 consilio
1318 2406 1495 2474 urbemrtt

325 2529 490 2596 Mithilam
517 2529 639 2611 adiere,
665 2533 818 2599 virtutem
843 2556 935 2599 suam
960 2530 1159 2625 experiundi
1180 2529 1306 2625 cupidi.
1344 2531 1437 2597 Peri·
1450 2556 1485 2618 ¹9

327 2651 439 2720 cuium
465 2653 597 2722 facturis
622 2655 718 2724 Sivee
742 2681 839 2723 arcus
865 2656 995 2724 oblatus
1018 2675 1081 2724 est:
1117 2680 1218 2749 quem
1241 2653 1291 2722 ilii
1313 2680 1356 2723 nc
1381 2681 1436 2722 ar·

326 2781 438 2872 ripere
463 2778 617 2871 quidem,
643 2779 769 2847 nedum
793 2782 946 2847 manibus
967 2778 1090 2847 librare
1111 2781 1317 2873 potiserant.
1344 2780 1493 2864 Quo-ao.

326 2927 401 2967 rum
432 2904 578 2970 virorum
613 2904 748 2971 sortium
779 2930 883 2998 quum
919 2905 1071 2998 exiguam
1101 2927 1173 2971 esse
1198 2904 1353 2971 virtutem
1379 2926 1437 2971 eo-

326 3028 534 3115 gnovisscrn,
572 3027 741 3122 repulsam
779 3056 798 3095 a
830 3055 884 3095 rnc
917 3027 1033 3098 tulere.
1086 3024 1231 3094 Attende
1265 3029 1434 3109 animum,

326 3174 466 3240 quaeso,
492 3153 696 3217 sanctissime
714 3149 819 3219 rates!
868 3150 947 3217 Irati
969 3150 1068 3243 igitur
1093 3150 1138 3217 ob
1164 3149 1250 3217 hanc
1277 3150 1494 3219 offensamat.

327 3297 422 3364 reges
447 3276 573 3365 anagnis
596 3277 701 3369 copiis
726 3276 895 3354 instructi,
917 3248 1061 3367 quorum
1087 3276 1188 3340 virtus
1215 3274 1249 3338 in
1272 3276 1435 3366 suspicio-

327 3424 405 3464 nern
428 3398 571 3466 adducta
597 3399 718 3479 suerat,
742 3396 908 3465 Miditam
933 3396 1051 3463 iunctis
1078 3396 1201 3461 viribus
1220 3393 1434 3467 obsederunt.

327 3521 440 3589 Scnret
474 3525 563 3613 ipsos
597 3543 727 3616 spretos
762 3537 953 3613 reputantes
992 3520 1025 3588 hi
1062 3521 1250 3612 principes,
1289 3515 1492 3610 ideoquene.

328 3648 409 3713 mihi
435 3647 666 3723 infensissimi,
692 3646 809 3712 trabem
836 3641 986 3737 undique
1011 3644 1216 3735 premebant.
1273 3643 1351 3708 Post
1375 3645 1493 3707 an-ei.

328 3796 408 3836 num
440 3790 589 3836 caactutu
624 3770 748 3836 cibaria
781 3795 854 3837 mett
886 3788 920 3835 et
950 3766 1079 3861 reliqna
1114 3767 1261 3835 subsidia
1298 3770 1433 3834 ontuinu

327 3898 498 3988 absumpta
525 3915 640 3973 eraut,
668 3920 735 3988 quo
762 3893 848 3962 sacto
875 3918 937 3986 ego
963 3894 1178 3962 vehementer
1203 3893 1350 3959 turbatus
1377 3890 1430 3956 fui.

329 4022 426 4085 ‘l'uuu
454 4020 534 4086 aleos
560 4023 730 4086 universos
753 4022 848 4087 castis
873 4019 1090 4111 religionibus
1106 4016 1254 4109 placavi,
1280 4018 1336 4107 qui
1356 4021 1495 4105 pto-et.

328 4146 398 4234 pitii
423 4147 502 4210 mihi
530 4145 713 4237 praebuere
738 4146 921 4212 cres-citum
938 4143 1107 4236 quatcmis
1128 4142 1233 4231 copiis
1259 4137 1434 4229 (elephan-

328 4284 463 4341 torum,
511 4293 689 4341 rrrrruuru,
734 4272 907 4360 equitum,
948 4255 1182 4358 peditumque)
1223 4263 1431 4327 instructum.

330 4393 433 4456 itarius
465 4419 529 4484 ope
562 4392 654 4459 fruteti
681 4393 851 4484 principes
884 4415 961 4457 cum
998 4389 1174 4456 comitibus
1206 4406 1239 4453 et
1271 4382 1496 4476 prodigatifi·

328 4538 440 4579 versos
468 4534 601 4580 cunctas
623 4514 707 4580 coeii
733 4515 845 4607 prlagas
863 4512 1075 4605 aufugerunt:
1103 4511 1230 4600 ignati,
1256 4507 1290 4572 in
1317 4524 1435 4574 coenatu

329 4637 455 4703 ursario
483 4637 566 4702 sarna
600 4638 725 4704 uirtutis
750 4637 907 4706 destituti.
967 4635 1063 4702 iilum
1100 4635 1207 4727 ipsum
1239 4654 1352 4698 arcum
1373 4629 1495 4703 tul-26.

328 4765 573 4847 gentissimum,
602 4781 708 4829 ratum
727 4764 903 4854 princeps,
928 4762 989 4827 ubi
1011 4786 1050 4827 ac
1067 4760 1184 4826 {timae
1203 4757 1436 4847 insertaeque
