3609 5817
422 723 507 809 m
713 718 801 809 Im
837 717 873 809 1.
912 712 1014 811 (lar.
1042 717 1229 814 LXXV.
1312 817 1319 830 ,

421 938 550 1019 venisti,
575 959 692 1030 magne
717 955 816 1020 vates,
838 940 874 1004 iu
892 936 1040 1006 ultimam
1055 939 1241 1032 pernicicm
1255 958 1380 1004 meam:
1408 937 1530 1004 etenim

363 1079 408 1122 ro.
422 1085 488 1127 uno
506 1061 607 1128 Rima
620 1086 716 1130 caeso
733 1087 833 1130 nemo
851 1082 1003 1131 nostrum
1013 1062 1164 1157 profecto
1183 1063 1280 1130 vivet.
1316 1059 1408 1127 Dum
1419 1059 1466 1127 ita
1478 1058 1530 1128 lo·

349 1213 352 1222 ¹
420 1184 585 1278 quebatur
593 1186 801 1269 Dtsaratbas,
816 1206 971 1281 augustus
979 1187 998 1252 J
1000 1184 1232 1281 amadagneius
1244 1202 1359 1277 spreto
1373 1185 1445 1252 eitra
1458 1207 1528 1253 ter-

361 1327 519 1376 rr.mone
541 1307 677 1375 temam
701 1307 810 1376 solum
833 1308 940 1376 affati:
965 1309 1042 1377 Duo
1063 1310 1117 1376 isti
1142 1333 1248 1389 arcus,
1272 1306 1421 1390 olilma,
1445 1329 1523 1376 coe-

415 1427 533 1513 lestes,
566 1455 631 1524 per
662 1431 781 1499 orbem
810 1432 1000 1498 universum
1028 1456 1155 1499 summo
1186 1434 1222 1497 in
1251 1430 1380 1498 honore
1410 1431 1528 1511 habiti,

415 1553 513 1635 firmi,
537 1556 673 1636 streuui,
699 1556 834 1647 egregii,
859 1554 981 1621 affabre
1007 1553 1084 1622 facti
1109 1554 1201 1620 fuere
1224 1554 1523 1620 aVisvacarmaue.

359 1676 544 1743 mitorum
564 1675 714 1758 alterum,
736 1674 942 1744 nobilissime
966 1678 1105 1757 iuvenis,
1130 1675 1252 1769 Superi
1272 1672 1434 1743 Trioculo
1459 1700 1523 1768 pu·

414 1799 539 1895 gnandi
565 1800 689 1895 cupido
715 1803 957 1894 permiserunt,
992 1825 1059 1893 quo
1084 1803 1111 1866 is
1137 1802 1322 1892 Tripurum
1346 1799 1520 1868 interfecit.
1589 1841 1597 1850 -

356 1929 402 1991 15.
414 1922 476 1990 llle
499 1920 590 1989 idem
613 1949 632 1990 a
658 1942 708 2006 te,
737 1919 957 2004 Cacusthide,
988 1941 1039 1989 est
1068 1920 1246 1989 diffractus.
1299 1920 1406 1988 Hicce
1436 1919 1519 1990 alter

411 2071 508 2113 arcus
534 2048 674 2114 invictus
702 2073 721 2112 a
745 2046 915 2140 Superum
933 2046 1146 2138 principibus
1169 2042 1312 2113 vishnui
1332 2040 1428 2110 datus
1452 2062 1517 2112 est:

410 2195 512 2262 quem
529 2193 590 2263 ego
607 2170 747 2235 urbibus
765 2170 910 2236 hostium
931 2166 1159 2260 expugnandis
1181 2185 1306 2259 aptum,
1331 2161 1392 2232 cul
1415 2189 1515 2234 mauu

351 2292 399 2374 ¹4·
410 2307 517 2358 teneo.
552 2288 744 2384 Aliquando
763 2307 872 2356 autem
891 2290 1003 2356 cuncti
1018 2286 1164 2355 Coclites
1180 2311 1338 2381 rogavere
1354 2288 1514 2383 Magnum

406 2414 594 2496 Parentem,
611 2432 648 2483 ut
676 2410 920 2506 explorandum
944 2429 1076 2478 curaret
1097 2428 1209 2477 utrum
1228 2408 1512 2480 Caenrlicerricus

350 2539 396 2606 1⁵.
405 2558 448 2598 an
459 2534 606 2603 Vishuus
627 2538 730 2627 magis
752 2534 877 2602 viribus
898 2530 1053 2626 polleret.
1104 2529 1270 2599 Coclitum
1292 2533 1432 2603 consilio
1454 2559 1512 2604 co-

405 2655 496 2746 gnito
520 2655 661 2746 Magnus
683 2660 816 2737 Parens,
844 2680 967 2721 numen
988 2680 1160 2748 nunquam
1183 2654 1292 2737 fallax,
1316 2653 1429 2724 locum
1450 2657 1511 2728 de·

348 2777 394 2840 16.
404 2771 455 2839 dit
478 2777 681 2841 contentioni
705 2778 793 2842 inter
814 2777 911 2856 istos,
937 2799 978 2840 ex
1000 2801 1067 2867 qua
1091 2776 1301 2843 contentione
1326 2796 1438 2846 ortum
1461 2800 1511 2850 est

404 2896 521 2986 ingens
556 2914 724 2963 certamen
758 2896 952 2964 horrificum
988 2898 1077 2963 inter
1110 2896 1413 2967 Caenrlieeru'icum
1447 2904 1508 2971 vi·

344 3016 608 3112 ¹70sbnumque‚
641 3020 739 3088 ambo
773 3018 907 3087 alterius
931 3018 1088 3087 vincendi
1113 3019 1264 3114 cupidos.
1312 3025 1404 3092 Tum
1427 3051 1506 3098 vcro

398 3140 494 3209 Sivae
519 3167 615 3211 arcus
632 3145 722 3238 gravi
740 3144 884 3225 fremitu,
910 3169 955 3210 ex
969 3141 1118 3215 Vishuus
1137 3168 1197 3210 ore
1221 3150 1353 3228 emisso,
1377 3147 1505 3220 laxatur

398 3281 464 3346 est,
498 3264 590 3333 unde
612 3267 860 3361 potentissimus
891 3266 973 3334 deus
1000 3266 1179 3335 Trioeulus
1202 3269 1384 3338 immobilis
1408 3276 1502 3366 qimai

342 3386 578 3485 taobstupuit.
645 3393 719 3475 Quo
757 3391 843 3459 facto
875 3418 894 3458 a
925 3391 998 3457 Diis
1035 3415 1109 3458 cum
1138 3391 1333 3486 sapientum
1361 3398 1499 3467 cohorte

396 3514 689 3607 Praeconihusque
726 3515 922 3582 consociatis
962 3516 1086 3582 exorati
1121 3517 1157 3581 in
1200 3519 1337 3609 gratiam
1367 3519 1501 3588 redicre

338 3636 431 3715 19·hi
456 3634 523 3703 duo
549 3635 715 3729 Superdm
739 3638 922 3729 principes.
977 3638 1058 3706 Viso
1086 3657 1196 3706 autem
1221 3638 1317 3709 Sivae
1342 3668 1422 3712 arcu
1446 3645 1500 3713 lu·

393 3776 468 3826 xato
492 3758 639 3826 Vishmls
665 3758 800 3837 uirtute,
831 3759 886 3824 Dii
913 3761 1105 3854 pariterque
1131 3759 1325 3855 Sapientem
1350 3785 1499 3837 catervae

333 3882 556 3950 aovishnum
583 3882 724 3975 posthac
754 3882 925 3949 fortiorem
954 3885 1102 3951 arbitrati
1137 3904 1224 3953 sunt.
1288 3891 1333 3958 At
1366 3891 1499 3962 Rutilus

390 4002 644 4099 gloriosissimus
668 4005 719 4071 ira
741 4005 896 4072 incensus
929 4008 1071 4099 sapienti
1096 4010 1166 4100 regi
1188 4012 1350 4081 Devarito
1377 4016 1414 4082 in
1437 4018 1498 4086 vi-

389 4123 555 4192 dehorum
579 4141 667 4191 terra
682 4149 796 4191 arcum
816 4125 913 4193 simul
937 4152 1013 4194 cum
1036 4130 1160 4222 sagittis
1179 4129 1223 4198 de
1244 4159 1344 4203 manu
1367 4141 1405 4206 in
1424 4165 1497 4208 mt-

327 4271 468 4323 21.num
491 4246 637 4316 tradidit
697 4249 795 4316 Hunc
829 4274 909 4317 vero
943 4275 1056 4318 areum
1088 4279 1189 4346 quem
1222 4262 1347 4343 cernis,
1381 4262 1495 4346 Rima,

388 4369 532 4436 hostium
562 4372 702 4438 urbibus
739 4370 966 4466 expugnandis
1002 4373 1215 4459 destinatum,
1249 4381 1322 4474 ipse
1345 4385 1494 4454 Vishuus

328 4493 524 4561 aa.Ricbleo
555 4496 755 4591 Bhriguidae
796 4501 948 4591 permisit
986 4517 1143 4594 tanquam
1182 4507 1304 4598 pignus
1344 4511 1492 4576 unicum.

386 4615 475 4682 Tum
507 4639 660 4709 augustus
698 4621 853 4689 Riehlcus
890 4621 959 4691 filio
995 4647 1054 4692 suo
1088 4628 1363 4723 inexsuperabili,
1399 4637 1490 4726 patri

383 4763 479 4823 tneo,
522 4740 713 4834 Jamadagni
754 4748 962 4838 magnanimo
1005 4747 1142 4818 tradidit
1178 4778 1292 4822 arcum
1327 4754 1488 4826 divinum.
