3609 5817
403 745 459 825 at
687 736 773 822 Lu.
803 734 837 821 Ι.
873 730 974 822 Car.
1006 728 1226 824 xxvsst.

358 957 387 1017 6.
402 979 458 1049 gas
483 951 642 1045 implevit
679 952 762 1018 lndc
789 951 876 1021 serae
902 951 1017 1020 silvam
1040 950 1224 1019 incolentes
1249 955 1381 1019 territae
1405 952 1519 1038 iuere3

403 1082 476 1173 ipsa
494 1077 628 1145 Tddaca
652 1079 845 1144 conturbata
863 1096 931 1159 est,
956 1077 999 1144 ad
1018 1079 1113 1145 nervi
1136 1099 1253 1143 sonum
1271 1055 1518 1172 [expergefacta.

362 1226 390 1288 7-
405 1205 480 1290 Quo
499 1200 628 1282 audito,
653 1203 817 1294 suspicata
834 1201 917 1294 quid
938 1220 1040 1283 esset,
1067 1200 1190 1267 femina
1211 1201 1378 1296 gigantea,
1404 1199 1519 1269 furore

404 1347 538 1403 vecors,
563 1347 603 1389 eo
630 1324 773 1389 accurrit
797 1322 943 1403 insensa,
975 1321 1065 1387 unde
1091 1345 1191 1388 sonus
1216 1339 1417 1414 propagatus
1443 1322 1518 1389 sue·

361 1452 391 1514 8.
405 1465 464 1513 rat.
503 1444 689 1538 Raghuides
716 1449 845 1511 intuens
879 1443 1064 1511 deformem
1093 1443 1208 1524 illam,
1243 1442 1381 1512 distorto
1406 1442 1517 1525 vultu,

406 1585 527 1634 statura
552 1593 741 1648 enormem,
765 1566 1037 1661 indignabundus
1056 1568 1259 1633 Larmanum
1284 1565 1418 1633 affatur:
1443 1566 1518 1633 Ad-

362 1705 392 1766 9·
407 1693 516 1785 spice,
539 1694 719 1771 Larmane,
742 1692 849 1755 Yaxac
875 1687 1016 1755 sormam
1041 1689 1244 1771 terribilem,
1270 1709 1516 1782 portentosam,

407 1816 500 1912 cuius
521 1832 703 1908 conspectu
721 1812 918 1906 pavidorum
934 1811 1035 1879 corda
1052 1810 1148 1879 facile
1170 1813 1273 1880 fracta
1290 1813 1408 1881 forent.
1443 1813 1517 1879 Ad·

349 1907 498 2029 inspice
532 1936 623 2001 illam
654 1962 807 2029 aggressu
834 1932 1020 2013 difficilem,
1048 1937 1299 2027 praestigiarum
1324 1938 1356 2002 vi
1380 1936 1517 2029 praedi-

406 2077 488 2125 tam:
521 2050 622 2128 hodie
648 2082 720 2122 earu
746 2060 780 2121 in
803 2053 957 2121 ordinem
986 2080 1119 2149 cogam,
1153 2055 1287 2122 auribus
1311 2058 1515 2151 naribusque
1606 2029 1609 2034 ³

349 2204 393 2245 ιι.
406 2200 567 2248 truncam.
598 2179 717 2272 Neque
735 2180 824 2243 enim
844 2204 863 2243 a
881 2204 935 2244 me
955 2181 1117 2271 impetro,
1140 2198 1175 2246 ut
1199 2180 1396 2247 interficiam
1413 2177 1516 2263 illam,

407 2319 522 2394 utpote
549 2301 683 2367 feminei
714 2327 810 2368 sexus
834 2302 906 2367 iure
933 2319 1057 2387 tutam,
1096 2301 1154 2369 scd
1186 2302 1415 2371 fortitudinem
1445 2305 1517 2371 eins

348 2437 394 2480 ¹2·
408 2427 636 2519 impetumque
660 2423 842 2491 retundere
866 2422 959 2492 volo:
986 2426 1033 2491 sic
1059 2442 1121 2491 stat
1146 2428 1316 2493 sententia.
1354 2428 1444 2493 Dum
1468 2427 1517 2494 sic

408 2547 608 2642 loquebatur
634 2550 767 2630 Rimas,
804 2549 937 2615 Telelaca
969 2549 1080 2617 imore
1112 2574 1243 2633 vecors,
1278 2551 1422 2618 brachiis
1453 2548 1517 2618 alte

351 2673 396 2738 15.
410 2670 562 2753 sublatis,
588 2674 721 2765 rugiens
748 2697 822 2738 eum
847 2673 1034 2739 incursavit.
1074 2674 1118 2739 At
1140 2692 1227 2740 vates
1250 2672 1379 2739 divinus
1400 2673 1518 2740 Visul-

410 2796 522 2862 mitras
541 2819 621 2862 voce
641 2792 891 2886 indignabunda
918 2794 1123 2861 abominatus
1147 2794 1255 2879 illam,
1279 2796 1398 2863 ”Macci
1419 2813 1517 2861 sunto

351 2914 397 2996 14.
410 2914 640 3009 Raghuideelu
667 2917 861 3000 exclamare,
887 2919 1124 3011 victoriamque
1142 2918 1182 2986 iis
1202 2919 1398 3013 praesagire.
1429 2918 1519 2983 Tum

411 3038 545 3106 Taldaca
569 3040 743 3108 horridum
775 3042 945 3137 pulverem
977 3044 1067 3109 cicus
1095 3042 1209 3108 ambos
1235 3039 1421 3135 Ragluridas
1446 3039 1519 3136 glo·

353 3158 400 3218 ¹5·
412 3182 536 3231 mereto
563 3163 709 3258 pulveris
735 3169 867 3234 turbine
889 3167 1128 3261 aliquantisper
1150 3166 1343 3234 occaecavit
1377 3163 1521 3242 Deinde,

411 3283 451 3352 ad
477 3289 669 3382 praestigias
694 3316 867 3371 conversa,
892 3292 1080 3357 vehementi
1102 3290 1209 3357 imbre
1233 3286 1368 3384 lapideo
1387 3311 1443 3355 cos
1458 3287 1522 3353 ob·

352 3419 362 3459 ¹
369 3398 399 3463 5·
409 3408 493 3489 ruit,
520 3432 586 3500 quo
606 3408 692 3478 facto
712 3412 828 3480 laamas
849 3414 898 3478 ira
919 3412 1047 3479 exarsit.
1080 3410 1112 3477 ls
1137 3409 1318 3477 retundens
1343 3411 1522 3475 immanem

411 3532 555 3598 imbrem
579 3529 749 3624 lapideum
776 3533 966 3624 sagittarum
990 3532 1122 3611 imbre,
1156 3531 1353 3602 incursantis
1386 3554 1521 3596 menum

352 3675 398 3736 ιγ.
411 3674 586 3748 utramque
612 3654 685 3721 telis
710 3653 801 3720 alatis
824 3655 975 3722 abscidit.
1025 3658 1114 3721 Tum
1138 3653 1352 3722 brachiorum
1377 3671 1522 3720 extrema

413 3796 505 3871 parte
527 3780 592 3844 iam
613 3776 778 3858 mutilam,
804 3802 822 3842 e
840 3779 1033 3871 propinquo
1052 3780 1140 3845 circa
1158 3803 1192 3846 se
1209 3780 1411 3872 rugientem,
1435 3777 1522 3843 Lax-

356 3895 400 3959 18.
413 3923 528 3966 manus
552 3900 686 3965 auribus
711 3899 914 3991 naribusque
948 3918 1098 3966 truncam
1122 3899 1279 3968 reddidit
1329 3901 1417 3967 Yaxa
1442 3921 1522 3965 vero

414 4022 602 4092 transformi
621 4047 763 4116 corpore
781 4020 930 4115 praedita
945 4023 980 4089 in
996 4025 1099 4089 varias
1116 4023 1235 4092 formas
1256 4024 1399 4105 transiit,
1425 4047 1523 4117 prae-

356 4146 585 4240 19·stigiisque
616 4148 682 4213 suis
717 4171 773 4214 eos
806 4145 944 4214 cludens
971 4171 1010 4213 ex
1037 4146 1141 4214 oculis
1166 4148 1304 4215 evanuit
1355 4145 1523 4215 Continuo

414 4268 537 4337 faustus
566 4268 693 4336 Gldbis
725 4290 839 4352 natus,
872 4289 1029 4364 utrosque
1055 4268 1204 4364 lapidum
1232 4271 1340 4337 imbre
1373 4268 1524 4364 undiquc

354 4408 401 4450 20·
415 4393 551 4459 obrutos
578 4417 743 4475 cernens,
773 4397 825 4461 his
853 4395 962 4460 verbis
988 4393 1181 4462 admonuit:
1212 4393 1313 4463 Mitte
1336 4394 1525 4476 lenitatem,

414 4514 538 4582 Rama!
570 4514 773 4583 Tiurendum
796 4533 861 4595 est,
894 4540 936 4580 ne
959 4515 1047 4582 Yaxa
1078 4514 1134 4582 illa
1159 4518 1260 4610 impia
1287 4542 1325 4584 ac
1350 4515 1525 4598 scelerata,

416 4639 652 4707 sacrificiorum
679 4640 855 4719 turbatrix,
881 4663 958 4707 mox
982 4641 1165 4732 praestigiis
1191 4644 1257 4707 suis
1282 4643 1526 4707 incrementum

356 4761 533 4854 sarapion
585 4761 708 4852 Utique
741 4762 810 4824 sine
844 4784 937 4825 mora
967 4760 1095 4827 caedito
1127 4760 1234 4827 illam:
1269 4765 1399 4829 iamiam
1429 4766 1529 4829 instat
