3609 5817
487 728 719 820 Entsootou
752 759 805 818 oe
836 758 1098 820 vtsvaauma.
1266 743 1347 819 193

637 1045 786 1113 CAPUT
838 1047 953 1114 txtv.

482 1256 718 1347 Earsootou
755 1286 808 1347 oe
838 1285 1102 1350 vrsvauuaa.

538 1488 590 1558 tl.
643 1494 801 1563 Raurnaa
832 1519 1048 1566 sxsacnrto.

338 1804 391 1867 »A
417 1821 465 1881 te,
496 1802 662 1887 Rambha,
695 1807 879 1875 curandum
906 1830 954 1877 est
990 1811 1216 1904 gravissimum
1242 1811 1386 1877 hoccet.

238 1923 380 1992 deorum
406 1928 593 2020 negotium,
620 1949 654 1996 ut
679 1929 872 1998 Cusicidem
896 1934 1049 2025 protinus
1074 1932 1242 2014 sollicites,
1269 1933 1346 1999 libi-

237 2046 326 2114 dinis
352 2046 520 2118 illecebris
545 2051 751 2125 delinitum«
789 2055 836 2121 lta
862 2054 1030 2124 admonita
1056 2083 1074 2123 a
1097 2056 1253 2150 prudenti
1281 2056 1384 2123 deca.

234 2170 329 2237 mille
361 2171 467 2240 oculis
491 2173 644 2267 praedito
678 2178 825 2271 nympha
858 2180 935 2258 ista,
972 2177 1194 2271 pudibunda,
1229 2204 1346 2247 manus

237 2294 436 2389 suppliciter
459 2296 684 2390 protendens,
710 2299 785 2368 talia
811 2321 926 2369 contra
950 2301 1070 2368 resert:
1121 2302 1385 2380 Truculentusa.

235 2439 309 2498 est,
346 2419 511 2512 Superdm
546 2421 705 2506 domine,
739 2450 876 2518 magnus
912 2423 969 2491 ille
1005 2444 1097 2511 vates
1122 2425 1347 2494 Visvlmitras.

237 2542 323 2608 [ram
348 2544 542 2628 immanem,
567 2572 610 2613 ne
635 2546 784 2629 dubites,
810 2552 845 2615 in
865 2574 920 2615 me
944 2546 1100 2616 effundet.
1133 2547 1216 2616 lude
1242 2554 1384 2642 pavori.

234 2667 314 2732 mihi
340 2667 481 2734 iniectus
507 2688 572 2750 est,
604 2672 704 2740 Dive:
738 2691 770 2739 te
801 2675 986 2767 propitium
1019 2672 1100 2737 mihi
1128 2694 1266 2763 parcere
1292 2694 1346 2735 ae·

236 2815 339 2881 quum
366 2808 425 2858 eat.
477 2792 574 2859 llunc
606 2795 639 2859 in
665 2793 803 2862 modum
833 2792 989 2887 apuella
1017 2791 1137 2887 pavida
1163 2793 1257 2858 anxie
1283 2793 1347 2858 im-

235 2909 383 3000 ploratus
409 2908 525 2978 lndras
554 2930 749 2979 trementem
772 2912 1027 3006 supplicemque
1050 2913 1244 2995 consolans,
1267 2914 1343 2983 Noli
1353 2922 1381 2988 5.

235 3035 371 3109 timere,
393 3031 559 3100 Rambha!
580 3036 644 3117 ait,
677 3035 822 3127 perfice,
846 3036 980 3115 amabo,
1007 3034 1197 3103 mandatum
1221 3061 1342 3105 meum.

234 3155 302 3222 Sub
337 3153 469 3222 luscinii
504 3158 670 3251 imagine,
706 3156 809 3225 corda
839 3156 1052 3236 delinientis,
1093 3157 1172 3225 dum
1207 3162 1383 3226 ineunteti.

234 3305 310 3347 vere
335 3279 472 3346 arbores
495 3278 692 3358 florescunt,
719 3296 849 3370 egomet
875 3303 951 3344 cum
977 3276 1145 3370 Cupidine
1172 3281 1343 3346 consocia-

234 3422 283 3468 tus
309 3403 371 3469 tibi
404 3428 422 3467 a
451 3399 554 3467 latere
586 3399 733 3468 adstabo.
789 3402 844 3466 Tu
879 3423 975 3493 ergo,
1013 3400 1180 3480 Rambha,
1214 3400 1378 3482 lormae7·

233 3522 449 3592 nitidissimae
492 3545 658 3593 venustate
698 3524 869 3592 munditiis
908 3523 1150 3617 multiplicata,
1200 3543 1342 3591 ascetam

233 3649 327 3717 illum
360 3649 553 3718 Cusicidem
587 3678 605 3718 a
636 3651 837 3718 castimoniis
870 3648 1031 3716 abstrahe.
1097 3648 1160 3715 Dei
1193 3647 1379 3728 orationes,

232 3775 360 3856 audita,
386 3776 533 3869 nympha
558 3776 704 3867 speciem
728 3772 997 3841 formosissimam
1014 3773 1185 3850 exhibens,
1211 3770 1340 3847 lasciva,

232 3897 333 3964 dulce
356 3896 486 3979 ridens,
513 3898 742 3965 Visvimitram
768 3895 965 3964 sollicitavit.
1006 3895 1037 3961 ls
1062 3918 1140 3960 vero
1163 3891 1338 3961 lusciniam
1348 3911 1377 3973 9·

233 4017 423 4086 dulcissima
449 4046 530 4087 voce
555 4021 753 4111 garrientem
780 4018 959 4085 exhilarato
985 4018 1094 4083 animo
1125 4015 1339 4097 auscultabat,
1387 3993 1389 3998 Ι

232 4163 330 4234 atque
361 4141 450 4207 illam
485 4143 525 4209 ab
549 4142 688 4235 obliquo
716 4142 953 4235 prospiciebat.
1017 4139 1153 4205 lnterim
1187 4156 1257 4204 tum
1289 4138 1339 4204 lu·
1353 4164 1396 4206 ιο.

229 4270 325 4334 seinii
350 4291 432 4333 voce
459 4284 623 4356 cantuque
645 4260 909 4355 incomparabili,
936 4279 1005 4326 tum
1028 4259 1195 4325 Rambhae
1221 4258 1339 4351 adspe-

230 4412 285 4458 ctu
307 4392 526 4458 anachoretae
553 4388 697 4479 suspicio
723 4385 851 4454 incidit.
908 4385 1069 4476 Cognito,
1096 4380 1231 4448 ludram
1255 4383 1396 4457 baectt.

227 4519 339 4582 omnia
364 4514 516 4580 molitum
546 4534 638 4587 esse,
664 4526 751 4573 vates
778 4508 948 4599 egregius,
974 4508 1021 4572 ira
1049 4523 1251 4585 commotus,
1284 4502 1337 4569 ‹li-

228 4639 272 4702 ris
297 4638 480 4730 nympham
507 4634 658 4701 devovit:
698 4631 862 4712 Quoniam
888 4647 939 4708 tu,
974 4628 1137 4708 Rambba,
1171 4625 1396 4695 lenocinium·

232 4782 283 4824 me
313 4777 442 4837 tentas,
478 4758 651 4826 libidinem
683 4758 831 4847 iramque
866 4755 998 4820 vincere
1027 4750 1238 4831 studentem,
1276 4776 1339 4846 per

1101 4873 1145 4942 13
