<?xml version="1.0" encoding="UTF-8"?>
<!DOCTYPE html PUBLIC "-//W3C//DTD XHTML 1.0 Transitional//EN"
    "http://www.w3.org/TR/xhtml1/DTD/xhtml1-transitional.dtd">
<html xmlns="http://www.w3.org/1999/xhtml" xml:lang="en" lang="en">
 <head>
  <title>
</title>
<meta http-equiv="Content-Type" content="text/html;charset=utf-8" />
  <meta name='ocr-system' content='tesseract 3.04.00' />
  <meta name='ocr-capabilities' content='ocr_page ocr_carea ocr_par ocr_line ocrx_word'/>
</head>
<body>
  <div class='ocr_page' id='page_1' title='image "./ramayanaidestca00vlgoog_0138.png"; bbox 0 0 3609 5817; ppageno 0'>
   <div class='ocr_carea' id='block_1_1' title="bbox 377 715 1129 812">
    <p class='ocr_par' dir='ltr' id='par_1_1' title="bbox 377 715 1129 812">
     <span class='ocr_line' id='line_1_1' title="bbox 377 715 1129 812; baseline 0.005 -6"><span class='ocrx_word' id='word_1_1' title='bbox 377 722 458 807; x_wconf 77' lang='lat' dir='ltr'><strong>tet</strong></span> <span class='ocrx_word' id='word_1_2' title='bbox 714 722 802 809; x_wconf 82' lang='lat' dir='ltr'><strong>Lus.</strong></span> <span class='ocrx_word' id='word_1_3' title='bbox 835 718 869 809; x_wconf 93' lang='lat' dir='ltr'><strong>l.</strong></span> <span class='ocrx_word' id='word_1_4' title='bbox 906 715 1008 812; x_wconf 74' lang='lat' dir='ltr'><strong>Cur.</strong></span> <span class='ocrx_word' id='word_1_5' title='bbox 1036 721 1129 812; x_wconf 87' lang='lat' dir='ltr'><strong>XL.</strong></span> 
     </span>
    </p>
   </div>
   <div class='ocr_carea' id='block_1_2' title="bbox 318 932 1530 3999">
    <p class='ocr_par' dir='ltr' id='par_1_2' title="bbox 318 932 1530 3999">
     <span class='ocr_line' id='line_1_2' title="bbox 373 932 1480 1022; baseline 0.006 -21"><span class='ocrx_word' id='word_1_6' title='bbox 373 933 431 1001; x_wconf 86' lang='lat' dir='ltr'><strong>ubi</strong></span> <span class='ocrx_word' id='word_1_7' title='bbox 454 933 569 1003; x_wconf 87' lang='lat' dir='ltr'><strong>beatus</strong></span> <span class='ocrx_word' id='word_1_8' title='bbox 589 932 684 1003; x_wconf 80' lang='lat' dir='ltr'><strong>Sivae</strong></span> <span class='ocrx_word' id='word_1_9' title='bbox 709 961 821 1021; x_wconf 89' lang='lat' dir='ltr'><strong>socer,</strong></span> <span class='ocrx_word' id='word_1_10' title='bbox 853 938 1079 1022; x_wconf 81' lang='lat' dir='ltr'><strong>Himavantes,</strong></span> <span class='ocrx_word' id='word_1_11' title='bbox 1106 943 1268 1010; x_wconf 92' lang='lat' dir='ltr'><strong>montium</strong></span> <span class='ocrx_word' id='word_1_12' title='bbox 1295 937 1480 1008; x_wconf 78' lang='lat' dir='ltr'><strong>excelsissi-</strong></span> 
     </span>
     <span class='ocr_line' id='line_1_3' title="bbox 372 1059 1480 1157; baseline 0.008 -36"><span class='ocrx_word' id='word_1_13' title='bbox 372 1079 467 1141; x_wconf 90' lang='lat' dir='ltr'><strong>mus,</strong></span> <span class='ocrx_word' id='word_1_14' title='bbox 492 1076 525 1126; x_wconf 90' lang='lat' dir='ltr'><strong>et</strong></span> <span class='ocrx_word' id='word_1_15' title='bbox 547 1082 644 1127; x_wconf 88' lang='lat' dir='ltr'><strong>mous</strong></span> <span class='ocrx_word' id='word_1_16' title='bbox 667 1059 853 1146; x_wconf 89' lang='lat' dir='ltr'><strong>Vindbius,</strong></span> <span class='ocrx_word' id='word_1_17' title='bbox 885 1066 980 1157; x_wconf 88' lang='lat' dir='ltr'><strong>quasi</strong></span> <span class='ocrx_word' id='word_1_18' title='bbox 1005 1062 1126 1131; x_wconf 79' lang='lat' dir='ltr'><strong>aemuli</strong></span> <span class='ocrx_word' id='word_1_19' title='bbox 1157 1066 1299 1132; x_wconf 89' lang='lat' dir='ltr'><strong>invicem</strong></span> <span class='ocrx_word' id='word_1_20' title='bbox 1321 1090 1393 1132; x_wconf 89' lang='lat' dir='ltr'><strong>sese</strong></span> <span class='ocrx_word' id='word_1_21' title='bbox 1418 1063 1480 1131; x_wconf 90' lang='lat' dir='ltr'><strong>ad-</strong></span> 
     </span>
     <span class='ocr_line' id='line_1_4' title="bbox 332 1164 1526 1281; baseline 0.007 -34"><span class='ocrx_word' id='word_1_22' title='bbox 332 1173 361 1241; x_wconf 79' lang='lat'><strong>5·</strong></span> <span class='ocrx_word' id='word_1_23' title='bbox 373 1182 539 1276; x_wconf 89' lang='lat' dir='ltr'><strong>spiciunt,</strong></span> <span class='ocrx_word' id='word_1_24' title='bbox 563 1184 599 1249; x_wconf 92' lang='lat' dir='ltr'><strong>in</strong></span> <span class='ocrx_word' id='word_1_25' title='bbox 624 1184 743 1251; x_wconf 85' lang='lat' dir='ltr'><strong>horum</strong></span> <span class='ocrx_word' id='word_1_26' title='bbox 767 1187 931 1253; x_wconf 88' lang='lat' dir='ltr'><strong>montium</strong></span> <span class='ocrx_word' id='word_1_27' title='bbox 954 1186 1085 1269; x_wconf 89' lang='lat' dir='ltr'><strong>medio,</strong></span> <span class='ocrx_word' id='word_1_28' title='bbox 1117 1164 1242 1281; x_wconf 78' lang='lat' dir='ltr'><strong>optiinc</strong></span> <span class='ocrx_word' id='word_1_29' title='bbox 1268 1186 1481 1270; x_wconf 87' lang='lat' dir='ltr'><strong>adolescens,</strong></span> <span class='ocrx_word' id='word_1_30' title='bbox 1513 1181 1526 1196; x_wconf 77' lang='lat'><em>‘</em></span> 
     </span>
     <span class='ocr_line' id='line_1_5' title="bbox 374 1306 1483 1407; baseline 0.003 -32"><span class='ocrx_word' id='word_1_31' title='bbox 374 1306 573 1375; x_wconf 82' lang='lat' dir='ltr'><strong>sacrificium</strong></span> <span class='ocrx_word' id='word_1_32' title='bbox 605 1310 850 1402; x_wconf 75' lang='lat' dir='ltr'><strong>apparabatur:</strong></span> <span class='ocrx_word' id='word_1_33' title='bbox 884 1313 1007 1378; x_wconf 83' lang='lat' dir='ltr'><strong>etenim</strong></span> <span class='ocrx_word' id='word_1_34' title='bbox 1039 1311 1122 1379; x_wconf 89' lang='lat' dir='ltr'><strong>baec</strong></span> <span class='ocrx_word' id='word_1_35' title='bbox 1148 1315 1240 1406; x_wconf 84' lang='lat' dir='ltr'><strong>regio</strong></span> <span class='ocrx_word' id='word_1_36' title='bbox 1265 1330 1377 1380; x_wconf 83' lang='lat' dir='ltr'><strong>sancta</strong></span> <span class='ocrx_word' id='word_1_37' title='bbox 1400 1335 1483 1407; x_wconf 80' lang='lat' dir='ltr'><strong>prae</strong></span> 
     </span>
     <span class='ocr_line' id='line_1_6' title="bbox 329 1420 1485 1529; baseline 0.005 -31"><span class='ocrx_word' id='word_1_38' title='bbox 329 1433 360 1498; x_wconf 84' lang='lat'><strong>6.</strong></span> <span class='ocrx_word' id='word_1_39' title='bbox 374 1429 445 1499; x_wconf 75' lang='lat' dir='ltr'><strong>aliis</strong></span> <span class='ocrx_word' id='word_1_40' title='bbox 462 1429 614 1499; x_wconf 88' lang='lat' dir='ltr'><strong>laudatur</strong></span> <span class='ocrx_word' id='word_1_41' title='bbox 641 1452 797 1529; x_wconf 86' lang='lat' dir='ltr'><strong>tanquam</strong></span> <span class='ocrx_word' id='word_1_42' title='bbox 824 1435 867 1502; x_wconf 90' lang='lat' dir='ltr'><strong>ad</strong></span> <span class='ocrx_word' id='word_1_43' title='bbox 893 1420 1101 1529; x_wconf 79' lang='lat' dir='ltr'><strong>operandum</strong></span> <span class='ocrx_word' id='word_1_44' title='bbox 1126 1438 1227 1503; x_wconf 82' lang='lat' dir='ltr'><strong>sacris</strong></span> <span class='ocrx_word' id='word_1_45' title='bbox 1249 1434 1379 1504; x_wconf 79' lang='lat' dir='ltr'><strong>idonea.</strong></span> <span class='ocrx_word' id='word_1_46' title='bbox 1413 1436 1485 1504; x_wconf 77' lang='lat' dir='ltr'><strong>An-</strong></span> 
     </span>
     <span class='ocr_line' id='line_1_7' title="bbox 373 1558 1482 1652; baseline 0.001 -30"><span class='ocrx_word' id='word_1_47' title='bbox 373 1576 539 1625; x_wconf 89' lang='lat' dir='ltr'><strong>sumantes</strong></span> <span class='ocrx_word' id='word_1_48' title='bbox 574 1576 684 1625; x_wconf 86' lang='lat' dir='ltr'><strong>antem</strong></span> <span class='ocrx_word' id='word_1_49' title='bbox 714 1561 918 1642; x_wconf 80' lang='lat' dir='ltr'><strong>arcitenens,</strong></span> <span class='ocrx_word' id='word_1_50' title='bbox 955 1581 1073 1652; x_wconf 86' lang='lat' dir='ltr'><strong>magno</strong></span> <span class='ocrx_word' id='word_1_51' title='bbox 1109 1581 1209 1623; x_wconf 88' lang='lat' dir='ltr'><strong>curru</strong></span> <span class='ocrx_word' id='word_1_52' title='bbox 1239 1558 1406 1638; x_wconf 89' lang='lat' dir='ltr'><strong>invectus,</strong></span> <span class='ocrx_word' id='word_1_53' title='bbox 1436 1558 1482 1623; x_wconf 89' lang='lat' dir='ltr'><strong>mi</strong></span> 
     </span>
     <span class='ocr_line' id='line_1_8' title="bbox 372 1679 1484 1788; baseline -0.003 -39"><span class='ocrx_word' id='word_1_54' title='bbox 372 1680 495 1788; x_wconf 69' lang='lat' dir='ltr'><strong>filiole,</strong></span> <span class='ocrx_word' id='word_1_55' title='bbox 517 1685 596 1777; x_wconf 89' lang='lat' dir='ltr'><strong>equi</strong></span> <span class='ocrx_word' id='word_1_56' title='bbox 622 1708 736 1751; x_wconf 87' lang='lat' dir='ltr'><strong>curam</strong></span> <span class='ocrx_word' id='word_1_57' title='bbox 754 1701 966 1777; x_wconf 80' lang='lat' dir='ltr'><strong>susceperat,</strong></span> <span class='ocrx_word' id='word_1_58' title='bbox 992 1681 1105 1775; x_wconf 85' lang='lat' dir='ltr'><strong>Sagari</strong></span> <span class='ocrx_word' id='word_1_59' title='bbox 1125 1679 1265 1750; x_wconf 90' lang='lat' dir='ltr'><strong>consilio</strong></span> <span class='ocrx_word' id='word_1_60' title='bbox 1284 1682 1484 1774; x_wconf 86' lang='lat' dir='ltr'><strong>obsequens.</strong></span> 
     </span>
     <span class='ocr_line' id='line_1_9' title="bbox 332 1803 1485 1891; baseline 0 -20"><span class='ocrx_word' id='word_1_61' title='bbox 332 1822 360 1883; x_wconf 80' lang='lat'><strong>7·</strong></span> <span class='ocrx_word' id='word_1_62' title='bbox 372 1805 472 1873; x_wconf 92' lang='lat' dir='ltr'><strong>Tunc</strong></span> <span class='ocrx_word' id='word_1_63' title='bbox 496 1804 668 1873; x_wconf 89' lang='lat' dir='ltr'><strong>interluuii</strong></span> <span class='ocrx_word' id='word_1_64' title='bbox 694 1806 775 1891; x_wconf 72' lang='lat' dir='ltr'><strong>die,</strong></span> <span class='ocrx_word' id='word_1_65' title='bbox 792 1805 873 1873; x_wconf 91' lang='lat' dir='ltr'><strong>dum</strong></span> <span class='ocrx_word' id='word_1_66' title='bbox 895 1804 953 1873; x_wconf 93' lang='lat' dir='ltr'><strong>ille</strong></span> <span class='ocrx_word' id='word_1_67' title='bbox 978 1806 1176 1873; x_wconf 85' lang='lat' dir='ltr'><strong>sacrificium</strong></span> <span class='ocrx_word' id='word_1_68' title='bbox 1199 1803 1394 1885; x_wconf 82' lang='lat' dir='ltr'><strong>inchoabat,</strong></span> <span class='ocrx_word' id='word_1_69' title='bbox 1415 1803 1485 1872; x_wconf 74' lang='lat' dir='ltr'><strong>Vl·</strong></span> 
     </span>
     <span class='ocr_line' id='line_1_10' title="bbox 373 1926 1484 2024; baseline -0.001 -29"><span class='ocrx_word' id='word_1_70' title='bbox 373 1927 665 2017; x_wconf 80' lang='lat' dir='ltr'><strong>sunts(1ndras),</strong></span> <span class='ocrx_word' id='word_1_71' title='bbox 692 1929 797 1999; x_wconf 78' lang='lat' dir='ltr'><strong>sonna</strong></span> <span class='ocrx_word' id='word_1_72' title='bbox 814 1929 974 2024; x_wconf 87' lang='lat' dir='ltr'><strong>Gigantea</strong></span> <span class='ocrx_word' id='word_1_73' title='bbox 1000 1948 1182 2024; x_wconf 81' lang='lat' dir='ltr'><strong>assumpta,</strong></span> <span class='ocrx_word' id='word_1_74' title='bbox 1207 1952 1333 2023; x_wconf 90' lang='lat' dir='ltr'><strong>equum</strong></span> <span class='ocrx_word' id='word_1_75' title='bbox 1357 1926 1484 1995; x_wconf 83' lang='lat' dir='ltr'><strong>sacrifi·</strong></span> 
     </span>
     <span class='ocr_line' id='line_1_11' title="bbox 331 2050 1483 2147; baseline -0.003 -29"><span class='ocrx_word' id='word_1_76' title='bbox 331 2050 481 2124; x_wconf 65' lang='lat' dir='ltr'><strong>&amp;celem</strong></span> <span class='ocrx_word' id='word_1_77' title='bbox 501 2054 666 2121; x_wconf 59' lang='lat' dir='ltr'><strong>manarit.</strong></span> <span class='ocrx_word' id='word_1_78' title='bbox 701 2053 746 2120; x_wconf 80' lang='lat' dir='ltr'><strong>At</strong></span> <span class='ocrx_word' id='word_1_79' title='bbox 770 2076 858 2145; x_wconf 87' lang='lat' dir='ltr'><strong>equo</strong></span> <span class='ocrx_word' id='word_1_80' title='bbox 884 2054 946 2121; x_wconf 92' lang='lat' dir='ltr'><strong>isto</strong></span> <span class='ocrx_word' id='word_1_81' title='bbox 973 2053 1060 2147; x_wconf 88' lang='lat' dir='ltr'><strong>regis</strong></span> <span class='ocrx_word' id='word_1_82' title='bbox 1085 2052 1286 2146; x_wconf 86' lang='lat' dir='ltr'><strong>magnanimi</strong></span> <span class='ocrx_word' id='word_1_83' title='bbox 1309 2066 1483 2142; x_wconf 86' lang='lat' dir='ltr'><strong>surrepto,</strong></span> 
     </span>
     <span class='ocr_line' id='line_1_12' title="bbox 374 2172 1518 2286; baseline -0.005 -41"><span class='ocrx_word' id='word_1_84' title='bbox 374 2201 491 2245; x_wconf 91' lang='lat' dir='ltr'><strong>omnes</strong></span> <span class='ocrx_word' id='word_1_85' title='bbox 531 2176 732 2272; x_wconf 84' lang='lat' dir='ltr'><strong>religionum</strong></span> <span class='ocrx_word' id='word_1_86' title='bbox 770 2178 918 2272; x_wconf 83' lang='lat' dir='ltr'><strong>magistri</strong></span> <span class='ocrx_word' id='word_1_87' title='bbox 957 2175 1116 2271; x_wconf 89' lang='lat' dir='ltr'><strong>Sagarum</strong></span> <span class='ocrx_word' id='word_1_88' title='bbox 1157 2191 1352 2269; x_wconf 86' lang='lat' dir='ltr'><strong>operantem</strong></span> <span class='ocrx_word' id='word_1_89' title='bbox 1394 2172 1518 2286; x_wconf 50' lang='lat' dir='ltr'><strong>bunc.</strong></span> 
     </span>
     <span class='ocr_line' id='line_1_13' title="bbox 330 2298 1483 2395; baseline 0.002 -30"><span class='ocrx_word' id='word_1_90' title='bbox 330 2301 410 2392; x_wconf 65' lang='lat' dir='ltr'><strong>qiu</strong></span> <span class='ocrx_word' id='word_1_91' title='bbox 444 2298 582 2369; x_wconf 91' lang='lat' dir='ltr'><strong>modum</strong></span> <span class='ocrx_word' id='word_1_92' title='bbox 613 2300 879 2395; x_wconf 86' lang='lat' dir='ltr'><strong>compellarunt:</strong></span> <span class='ocrx_word' id='word_1_93' title='bbox 927 2301 1043 2393; x_wconf 88' lang='lat' dir='ltr'><strong>Equus</strong></span> <span class='ocrx_word' id='word_1_94' title='bbox 1078 2299 1241 2367; x_wconf 89' lang='lat' dir='ltr'><strong>sacrificio</strong></span> <span class='ocrx_word' id='word_1_95' title='bbox 1280 2299 1483 2381; x_wconf 84' lang='lat' dir='ltr'><strong>destinatus,</strong></span> 
     </span>
     <span class='ocr_line' id='line_1_14' title="bbox 375 2422 1485 2517; baseline -0.004 -26"><span class='ocrx_word' id='word_1_96' title='bbox 375 2422 478 2492; x_wconf 90' lang='lat' dir='ltr'><strong>ecce!</strong></span> <span class='ocrx_word' id='word_1_97' title='bbox 517 2424 688 2491; x_wconf 90' lang='lat' dir='ltr'><strong>interlunii</strong></span> <span class='ocrx_word' id='word_1_98' title='bbox 721 2424 777 2491; x_wconf 91' lang='lat' dir='ltr'><strong>die</strong></span> <span class='ocrx_word' id='word_1_99' title='bbox 805 2425 916 2492; x_wconf 87' lang='lat' dir='ltr'><strong>subito</strong></span> <span class='ocrx_word' id='word_1_100' title='bbox 955 2426 1083 2517; x_wconf 91' lang='lat' dir='ltr'><strong>impetu</strong></span> <span class='ocrx_word' id='word_1_101' title='bbox 1113 2425 1295 2492; x_wconf 86' lang='lat' dir='ltr'><strong>abstractus</strong></span> <span class='ocrx_word' id='word_1_102' title='bbox 1322 2440 1380 2491; x_wconf 90' lang='lat' dir='ltr'><strong>est.</strong></span> <span class='ocrx_word' id='word_1_103' title='bbox 1429 2423 1485 2488; x_wconf 88' lang='lat' dir='ltr'><strong>Tu</strong></span> 
     </span>
     <span class='ocr_line' id='line_1_15' title="bbox 375 2544 1483 2643; baseline -0.003 -28"><span class='ocrx_word' id='word_1_104' title='bbox 375 2572 475 2643; x_wconf 86' lang='lat' dir='ltr'><strong>ergo,</strong></span> <span class='ocrx_word' id='word_1_105' title='bbox 498 2571 593 2616; x_wconf 87' lang='lat' dir='ltr'><strong>caeso</strong></span> <span class='ocrx_word' id='word_1_106' title='bbox 620 2550 700 2642; x_wconf 88' lang='lat' dir='ltr'><strong>equi</strong></span> <span class='ocrx_word' id='word_1_107' title='bbox 724 2567 879 2642; x_wconf 85' lang='lat' dir='ltr'><strong>raptore,</strong></span> <span class='ocrx_word' id='word_1_108' title='bbox 904 2549 1016 2642; x_wconf 91' lang='lat' dir='ltr'><strong>ipsum</strong></span> <span class='ocrx_word' id='word_1_109' title='bbox 1041 2573 1165 2641; x_wconf 89' lang='lat' dir='ltr'><strong>equum</strong></span> <span class='ocrx_word' id='word_1_110' title='bbox 1189 2548 1241 2615; x_wconf 87' lang='lat' dir='ltr'><strong>sac</strong></span> <span class='ocrx_word' id='word_1_111' title='bbox 1269 2565 1305 2615; x_wconf 90' lang='lat' dir='ltr'><strong>ut</strong></span> <span class='ocrx_word' id='word_1_112' title='bbox 1330 2544 1483 2613; x_wconf 78' lang='lat' dir='ltr'><strong>reducas.</strong></span> 
     </span>
     <span class='ocr_line' id='line_1_16' title="bbox 318 2668 1487 2762; baseline -0.004 -23"><span class='ocrx_word' id='word_1_113' title='bbox 318 2691 362 2732; x_wconf 87' lang='lat'><strong>¹0·</strong></span> <span class='ocrx_word' id='word_1_114' title='bbox 377 2672 468 2739; x_wconf 89' lang='lat' dir='ltr'><strong>Haec</strong></span> <span class='ocrx_word' id='word_1_115' title='bbox 495 2689 545 2739; x_wconf 89' lang='lat' dir='ltr'><strong>est</strong></span> <span class='ocrx_word' id='word_1_116' title='bbox 570 2674 656 2739; x_wconf 89' lang='lat' dir='ltr'><strong>sacri</strong></span> <span class='ocrx_word' id='word_1_117' title='bbox 686 2672 854 2754; x_wconf 86' lang='lat' dir='ltr'><strong>turbatio,</strong></span> <span class='ocrx_word' id='word_1_118' title='bbox 892 2672 929 2739; x_wconf 90' lang='lat' dir='ltr'><strong>in</strong></span> <span class='ocrx_word' id='word_1_119' title='bbox 956 2674 1104 2740; x_wconf 90' lang='lat' dir='ltr'><strong>omnium</strong></span> <span class='ocrx_word' id='word_1_120' title='bbox 1128 2689 1278 2737; x_wconf 86' lang='lat' dir='ltr'><strong>nostrum</strong></span> <span class='ocrx_word' id='word_1_121' title='bbox 1302 2668 1487 2762; x_wconf 86' lang='lat' dir='ltr'><strong>perniciem</strong></span> 
     </span>
     <span class='ocr_line' id='line_1_17' title="bbox 377 2792 1488 2902; baseline -0.004 -40"><span class='ocrx_word' id='word_1_122' title='bbox 377 2812 556 2887; x_wconf 79' lang='lat' dir='ltr'><strong>eruptura3</strong></span> <span class='ocrx_word' id='word_1_123' title='bbox 583 2812 790 2887; x_wconf 89' lang='lat' dir='ltr'><strong>quapropter</strong></span> <span class='ocrx_word' id='word_1_124' title='bbox 814 2792 1008 2863; x_wconf 89' lang='lat' dir='ltr'><strong>omnimodo</strong></span> <span class='ocrx_word' id='word_1_125' title='bbox 1032 2812 1166 2861; x_wconf 84' lang='lat' dir='ltr'><strong>curetur</strong></span> <span class='ocrx_word' id='word_1_126' title='bbox 1173 2844 1184 2875; x_wconf 94' lang='lat'><strong>,</strong></span> <span class='ocrx_word' id='word_1_127' title='bbox 1215 2817 1340 2902; x_wconf 71' lang='lat' dir='ltr'><strong>grex,</strong></span> <span class='ocrx_word' id='word_1_128' title='bbox 1363 2810 1399 2859; x_wconf 91' lang='lat' dir='ltr'><strong>ut</strong></span> <span class='ocrx_word' id='word_1_129' title='bbox 1424 2793 1488 2858; x_wconf 88' lang='lat' dir='ltr'><strong>im·</strong></span> 
     </span>
     <span class='ocr_line' id='line_1_18' title="bbox 318 2907 1530 3015; baseline 0.002 -35"><span class='ocrx_word' id='word_1_130' title='bbox 318 2920 570 3015; x_wconf 63' lang='lat' dir='ltr'><strong>imperturbato</strong></span> <span class='ocrx_word' id='word_1_131' title='bbox 603 2944 696 2986; x_wconf 87' lang='lat' dir='ltr'><strong>sacro</strong></span> <span class='ocrx_word' id='word_1_132' title='bbox 728 2919 816 2987; x_wconf 87' lang='lat' dir='ltr'><strong>litari</strong></span> <span class='ocrx_word' id='word_1_133' title='bbox 846 2922 962 3013; x_wconf 80' lang='lat' dir='ltr'><strong>possit.</strong></span> <span class='ocrx_word' id='word_1_134' title='bbox 1011 2919 1247 3011; x_wconf 88' lang='lat' dir='ltr'><strong>Magistrorum</strong></span> <span class='ocrx_word' id='word_1_135' title='bbox 1278 2917 1427 2984; x_wconf 85' lang='lat' dir='ltr'><strong>oratione</strong></span> <span class='ocrx_word' id='word_1_136' title='bbox 1450 2918 1488 2983; x_wconf 91' lang='lat' dir='ltr'><strong>in</strong></span> <span class='ocrx_word' id='word_1_137' title='bbox 1528 2907 1530 2912; x_wconf 39' lang='lat'>⁵</span> 
     </span>
     <span class='ocr_line' id='line_1_19' title="bbox 377 3038 1485 3134; baseline -0.007 -22"><span class='ocrx_word' id='word_1_138' title='bbox 377 3069 534 3112; x_wconf 90' lang='lat' dir='ltr'><strong>consessu</strong></span> <span class='ocrx_word' id='word_1_139' title='bbox 559 3045 623 3110; x_wconf 91' lang='lat' dir='ltr'><strong>isto</strong></span> <span class='ocrx_word' id='word_1_140' title='bbox 648 3041 760 3109; x_wconf 85' lang='lat' dir='ltr'><strong>audita</strong></span> <span class='ocrx_word' id='word_1_141' title='bbox 774 3093 784 3125; x_wconf 92' lang='lat'><strong><em>‚</em></strong></span> <span class='ocrx_word' id='word_1_142' title='bbox 819 3060 927 3109; x_wconf 85' lang='lat' dir='ltr'><strong>terrac</strong></span> <span class='ocrx_word' id='word_1_143' title='bbox 963 3039 1116 3108; x_wconf 90' lang='lat' dir='ltr'><strong>dominus</strong></span> <span class='ocrx_word' id='word_1_144' title='bbox 1148 3043 1314 3134; x_wconf 85' lang='lat' dir='ltr'><strong>sexaginta</strong></span> <span class='ocrx_word' id='word_1_145' title='bbox 1340 3038 1485 3106; x_wconf 81' lang='lat' dir='ltr'><strong>liliorum</strong></span> 
     </span>
     <span class='ocr_line' id='line_1_20' title="bbox 319 3162 1485 3243; baseline -0.007 -8"><span class='ocrx_word' id='word_1_146' title='bbox 319 3183 364 3224; x_wconf 86' lang='lat'><strong>¹2·</strong></span> <span class='ocrx_word' id='word_1_147' title='bbox 376 3168 481 3235; x_wconf 89' lang='lat' dir='ltr'><strong>millia</strong></span> <span class='ocrx_word' id='word_1_148' title='bbox 506 3166 550 3234; x_wconf 90' lang='lat' dir='ltr'><strong>ad</strong></span> <span class='ocrx_word' id='word_1_149' title='bbox 576 3192 612 3235; x_wconf 90' lang='lat' dir='ltr'><strong>sc</strong></span> <span class='ocrx_word' id='word_1_150' title='bbox 638 3184 818 3238; x_wconf 83' lang='lat' dir='ltr'><strong>convocata</strong></span> <span class='ocrx_word' id='word_1_151' title='bbox 843 3167 896 3234; x_wconf 88' lang='lat' dir='ltr'><strong>bis</strong></span> <span class='ocrx_word' id='word_1_152' title='bbox 922 3164 1020 3233; x_wconf 89' lang='lat' dir='ltr'><strong>dictis</strong></span> <span class='ocrx_word' id='word_1_153' title='bbox 1045 3165 1178 3233; x_wconf 85' lang='lat' dir='ltr'><strong>affatur:</strong></span> <span class='ocrx_word' id='word_1_154' title='bbox 1213 3162 1290 3230; x_wconf 75' lang='lat' dir='ltr'><strong>filii</strong></span> <span class='ocrx_word' id='word_1_155' title='bbox 1315 3163 1399 3243; x_wconf 91' lang='lat' dir='ltr'><strong>mei,</strong></span> <span class='ocrx_word' id='word_1_156' title='bbox 1424 3162 1485 3228; x_wconf 85' lang='lat' dir='ltr'><strong>viri</strong></span> 
     </span>
     <span class='ocr_line' id='line_1_21' title="bbox 377 3286 1488 3385; baseline -0.004 -27"><span class='ocrx_word' id='word_1_157' title='bbox 377 3288 563 3361; x_wconf 84' lang='lat' dir='ltr'><strong>fortissimi!</strong></span> <span class='ocrx_word' id='word_1_158' title='bbox 594 3292 670 3358; x_wconf 77' lang='lat' dir='ltr'><strong>Nou</strong></span> <span class='ocrx_word' id='word_1_159' title='bbox 697 3290 866 3385; x_wconf 82' lang='lat' dir='ltr'><strong>intellige,</strong></span> <span class='ocrx_word' id='word_1_160' title='bbox 901 3288 1071 3384; x_wconf 89' lang='lat' dir='ltr'><strong>quomodo</strong></span> <span class='ocrx_word' id='word_1_161' title='bbox 1098 3286 1255 3382; x_wconf 83' lang='lat' dir='ltr'><strong>Gigantes</strong></span> <span class='ocrx_word' id='word_1_162' title='bbox 1280 3304 1407 3353; x_wconf 85' lang='lat' dir='ltr'><strong>tantum</strong></span> <span class='ocrx_word' id='word_1_163' title='bbox 1431 3313 1488 3355; x_wconf 81' lang='lat' dir='ltr'><strong>rs·</strong></span> 
     </span>
     <span class='ocr_line' id='line_1_22' title="bbox 376 3412 1488 3507; baseline -0.004 -25"><span class='ocrx_word' id='word_1_164' title='bbox 376 3414 517 3497; x_wconf 84' lang='lat' dir='ltr'><strong>luerint;</strong></span> <span class='ocrx_word' id='word_1_165' title='bbox 542 3413 707 3507; x_wconf 88' lang='lat' dir='ltr'><strong>siquidem</strong></span> <span class='ocrx_word' id='word_1_166' title='bbox 734 3413 945 3498; x_wconf 88' lang='lat' dir='ltr'><strong>sacerdotes,</strong></span> <span class='ocrx_word' id='word_1_167' title='bbox 981 3415 1173 3482; x_wconf 85' lang='lat' dir='ltr'><strong>auctoritate</strong></span> <span class='ocrx_word' id='word_1_168' title='bbox 1199 3435 1330 3506; x_wconf 83' lang='lat' dir='ltr'><strong>graves,</strong></span> <span class='ocrx_word' id='word_1_169' title='bbox 1367 3412 1488 3478; x_wconf 84' lang='lat' dir='ltr'><strong>carmi-</strong></span> 
     </span>
     <span class='ocr_line' id='line_1_23' title="bbox 319 3536 1487 3620; baseline 0 -18"><span class='ocrx_word' id='word_1_170' title='bbox 319 3539 476 3608; x_wconf 58' lang='lat' dir='ltr'><strong>renibus</strong></span> <span class='ocrx_word' id='word_1_171' title='bbox 501 3539 647 3620; x_wconf 85' lang='lat' dir='ltr'><strong>lustrati,</strong></span> <span class='ocrx_word' id='word_1_172' title='bbox 679 3541 836 3605; x_wconf 81' lang='lat' dir='ltr'><strong>eximium</strong></span> <span class='ocrx_word' id='word_1_173' title='bbox 861 3540 928 3608; x_wconf 91' lang='lat' dir='ltr'><strong>hoc</strong></span> <span class='ocrx_word' id='word_1_174' title='bbox 957 3562 1089 3606; x_wconf 90' lang='lat' dir='ltr'><strong>sacrum</strong></span> <span class='ocrx_word' id='word_1_175' title='bbox 1116 3539 1337 3605; x_wconf 87' lang='lat' dir='ltr'><strong>instituerunt.</strong></span> <span class='ocrx_word' id='word_1_176' title='bbox 1388 3536 1487 3620; x_wconf 89' lang='lat' dir='ltr'><strong>Quis·</strong></span> 
     </span>
     <span class='ocr_line' id='line_1_24' title="bbox 378 3660 1487 3757; baseline -0.001 -28"><span class='ocrx_word' id='word_1_177' title='bbox 378 3667 453 3757; x_wconf 92' lang='lat' dir='ltr'><strong>quis</strong></span> <span class='ocrx_word' id='word_1_178' title='bbox 479 3664 536 3731; x_wconf 88' lang='lat' dir='ltr'><strong>ille</strong></span> <span class='ocrx_word' id='word_1_179' title='bbox 562 3667 627 3745; x_wconf 89' lang='lat' dir='ltr'><strong>sit,</strong></span> <span class='ocrx_word' id='word_1_180' title='bbox 666 3665 734 3729; x_wconf 86' lang='lat' dir='ltr'><strong>sive</strong></span> <span class='ocrx_word' id='word_1_181' title='bbox 757 3662 799 3729; x_wconf 90' lang='lat' dir='ltr'><strong>ad</strong></span> <span class='ocrx_word' id='word_1_182' title='bbox 825 3662 922 3730; x_wconf 87' lang='lat' dir='ltr'><strong>sedes</strong></span> <span class='ocrx_word' id='word_1_183' title='bbox 952 3663 1098 3730; x_wconf 83' lang='lat' dir='ltr'><strong>infernas</strong></span> <span class='ocrx_word' id='word_1_184' title='bbox 1130 3660 1325 3753; x_wconf 87' lang='lat' dir='ltr'><strong>profectus,</strong></span> <span class='ocrx_word' id='word_1_185' title='bbox 1360 3662 1429 3729; x_wconf 85' lang='lat' dir='ltr'><strong>sive</strong></span> <span class='ocrx_word' id='word_1_186' title='bbox 1452 3662 1487 3728; x_wconf 91' lang='lat' dir='ltr'><strong>in</strong></span> 
     </span>
     <span class='ocr_line' id='line_1_25' title="bbox 378 3783 1488 3881; baseline -0.002 -29"><span class='ocrx_word' id='word_1_187' title='bbox 378 3789 533 3881; x_wconf 87' lang='lat' dir='ltr'><strong>aequoris</strong></span> <span class='ocrx_word' id='word_1_188' title='bbox 567 3783 738 3879; x_wconf 84' lang='lat' dir='ltr'><strong>profundo</strong></span> <span class='ocrx_word' id='word_1_189' title='bbox 770 3783 902 3866; x_wconf 88' lang='lat' dir='ltr'><strong>latens,</strong></span> <span class='ocrx_word' id='word_1_190' title='bbox 943 3785 1070 3853; x_wconf 84' lang='lat' dir='ltr'><strong>caedite</strong></span> <span class='ocrx_word' id='word_1_191' title='bbox 1103 3802 1273 3878; x_wconf 84' lang='lat' dir='ltr'><strong>raptorem</strong></span> <span class='ocrx_word' id='word_1_192' title='bbox 1298 3802 1332 3854; x_wconf 86' lang='lat' dir='ltr'><strong>et</strong></span> <span class='ocrx_word' id='word_1_193' title='bbox 1364 3809 1488 3878; x_wconf 89' lang='lat' dir='ltr'><strong>equum</strong></span> 
     </span>
     <span class='ocr_line' id='line_1_26' title="bbox 321 3902 1488 3999; baseline -0.003 -23"><span class='ocrx_word' id='word_1_194' title='bbox 321 3906 367 3987; x_wconf 67' lang='lat'><strong>¹⁴·</strong></span> <span class='ocrx_word' id='word_1_195' title='bbox 378 3911 460 3976; x_wconf 86' lang='lat' dir='ltr'><strong>mihi</strong></span> <span class='ocrx_word' id='word_1_196' title='bbox 486 3910 652 3986; x_wconf 86' lang='lat' dir='ltr'><strong>reducite,</strong></span> <span class='ocrx_word' id='word_1_197' title='bbox 677 3906 790 3974; x_wconf 85' lang='lat' dir='ltr'><strong>filioli:</strong></span> <span class='ocrx_word' id='word_1_198' title='bbox 817 3905 909 3999; x_wconf 91' lang='lat' dir='ltr'><strong>qnod</strong></span> <span class='ocrx_word' id='word_1_199' title='bbox 935 3906 1023 3972; x_wconf 88' lang='lat' dir='ltr'><strong>bene</strong></span> <span class='ocrx_word' id='word_1_200' title='bbox 1047 3907 1141 3974; x_wconf 85' lang='lat' dir='ltr'><strong>vobis</strong></span> <span class='ocrx_word' id='word_1_201' title='bbox 1167 3902 1288 3973; x_wconf 85' lang='lat' dir='ltr'><strong>vertat!</strong></span> <span class='ocrx_word' id='word_1_202' title='bbox 1315 3904 1488 3972; x_wconf 88' lang='lat' dir='ltr'><strong>Tellurem</strong></span> 
     </span>
    </p>
   </div>
   <div class='ocr_carea' id='block_1_3' title="bbox 376 4030 1506 4146">
    <p class='ocr_par' dir='ltr' id='par_1_3' title="bbox 376 4030 1506 4146">
     <span class='ocr_line' id='line_1_27' title="bbox 376 4030 1506 4146; baseline -0.004 -44"><span class='ocrx_word' id='word_1_203' title='bbox 376 4036 565 4102; x_wconf 82' lang='lat' dir='ltr'><strong>universam</strong></span> <span class='ocrx_word' id='word_1_204' title='bbox 598 4032 735 4099; x_wconf 87' lang='lat' dir='ltr'><strong>Oceano</strong></span> <span class='ocrx_word' id='word_1_205' title='bbox 773 4030 964 4097; x_wconf 87' lang='lat' dir='ltr'><strong>redimitam</strong></span> <span class='ocrx_word' id='word_1_206' title='bbox 994 4048 1191 4124; x_wconf 83' lang='lat' dir='ltr'><strong>peragrate,</strong></span> <span class='ocrx_word' id='word_1_207' title='bbox 1235 4053 1375 4123; x_wconf 89' lang='lat' dir='ltr'><strong>eamque</strong></span> <span class='ocrx_word' id='word_1_208' title='bbox 1406 4053 1506 4146; x_wconf 40' lang='lat' dir='ltr'><strong>pro-⁸·</strong></span> 
     </span>
    </p>
   </div>
   <div class='ocr_carea' id='block_1_4' title="bbox 322 4150 1490 4747">
    <p class='ocr_par' dir='ltr' id='par_1_4' title="bbox 322 4150 1490 4747">
     <span class='ocr_line' id='line_1_28' title="bbox 378 4150 1489 4253; baseline -0.005 -27"><span class='ocrx_word' id='word_1_209' title='bbox 378 4155 565 4253; x_wconf 90' lang='lat' dir='ltr'><strong>grediendo</strong></span> <span class='ocrx_word' id='word_1_210' title='bbox 601 4155 779 4251; x_wconf 83' lang='lat' dir='ltr'><strong>diligenter</strong></span> <span class='ocrx_word' id='word_1_211' title='bbox 804 4154 955 4236; x_wconf 84' lang='lat' dir='ltr'><strong>ellodite,</strong></span> <span class='ocrx_word' id='word_1_212' title='bbox 991 4153 1100 4222; x_wconf 92' lang='lat' dir='ltr'><strong>donec</strong></span> <span class='ocrx_word' id='word_1_213' title='bbox 1126 4150 1381 4246; x_wconf 84' lang='lat' dir='ltr'><strong>quadrupedem</strong></span> <span class='ocrx_word' id='word_1_214' title='bbox 1407 4174 1489 4220; x_wconf 87' lang='lat' dir='ltr'><strong>con·</strong></span> 
     </span>
     <span class='ocr_line' id='line_1_29' title="bbox 322 4276 1490 4372; baseline 0.003 -33"><span class='ocrx_word' id='word_1_215' title='bbox 322 4279 563 4372; x_wconf 57' lang='lat' dir='ltr'><strong>respexeritis.</strong></span> <span class='ocrx_word' id='word_1_216' title='bbox 614 4277 743 4371; x_wconf 87' lang='lat' dir='ltr'><strong>Singuli</strong></span> <span class='ocrx_word' id='word_1_217' title='bbox 775 4302 838 4370; x_wconf 87' lang='lat' dir='ltr'><strong>per</strong></span> <span class='ocrx_word' id='word_1_218' title='bbox 866 4278 963 4343; x_wconf 87' lang='lat' dir='ltr'><strong>unius</strong></span> <span class='ocrx_word' id='word_1_219' title='bbox 987 4300 1187 4369; x_wconf 86' lang='lat' dir='ltr'><strong>parasangue</strong></span> <span class='ocrx_word' id='word_1_220' title='bbox 1214 4276 1354 4367; x_wconf 85' lang='lat' dir='ltr'><strong>spatium</strong></span> <span class='ocrx_word' id='word_1_221' title='bbox 1381 4293 1490 4342; x_wconf 80' lang='lat' dir='ltr'><strong>terras</strong></span> 
     </span>
     <span class='ocr_line' id='line_1_30' title="bbox 380 4399 1490 4494; baseline -0.004 -27"><span class='ocrx_word' id='word_1_222' title='bbox 380 4399 487 4468; x_wconf 86' lang='lat' dir='ltr'><strong>solum</strong></span> <span class='ocrx_word' id='word_1_223' title='bbox 524 4401 733 4470; x_wconf 76' lang='lat' dir='ltr'><strong>diffundentes</strong></span> <span class='ocrx_word' id='word_1_224' title='bbox 768 4401 921 4494; x_wconf 84' lang='lat' dir='ltr'><strong>porgite,</strong></span> <span class='ocrx_word' id='word_1_225' title='bbox 959 4424 1102 4492; x_wconf 86' lang='lat' dir='ltr'><strong>meoque</strong></span> <span class='ocrx_word' id='word_1_226' title='bbox 1142 4400 1231 4464; x_wconf 89' lang='lat' dir='ltr'><strong>iussu</strong></span> <span class='ocrx_word' id='word_1_227' title='bbox 1269 4400 1347 4491; x_wconf 89' lang='lat' dir='ltr'><strong>eqni</strong></span> <span class='ocrx_word' id='word_1_228' title='bbox 1385 4400 1490 4464; x_wconf 87' lang='lat' dir='ltr'><strong>nostri</strong></span> 
     </span>
     <span class='ocr_line' id='line_1_31' title="bbox 323 4519 1489 4619; baseline -0.002 -29"><span class='ocrx_word' id='word_1_229' title='bbox 323 4526 548 4617; x_wconf 81' lang='lat' dir='ltr'><strong>tb.raptorcru</strong></span> <span class='ocrx_word' id='word_1_230' title='bbox 573 4526 824 4619; x_wconf 87' lang='lat' dir='ltr'><strong>persequimini.</strong></span> <span class='ocrx_word' id='word_1_231' title='bbox 874 4519 1063 4616; x_wconf 86' lang='lat' dir='ltr'><strong>Equidem,</strong></span> <span class='ocrx_word' id='word_1_232' title='bbox 1098 4523 1239 4614; x_wconf 81' lang='lat' dir='ltr'><strong>praeviis</strong></span> <span class='ocrx_word' id='word_1_233' title='bbox 1272 4523 1489 4589; x_wconf 84' lang='lat' dir='ltr'><strong>cncrcmouiis</strong></span> 
     </span>
     <span class='ocr_line' id='line_1_32' title="bbox 381 4646 1490 4747; baseline -0.003 -31"><span class='ocrx_word' id='word_1_234' title='bbox 381 4651 563 4734; x_wconf 81' lang='lat' dir='ltr'><strong>lustratus,</strong></span> <span class='ocrx_word' id='word_1_235' title='bbox 589 4681 651 4720; x_wconf 81' lang='lat' dir='ltr'><strong>urm</strong></span> <span class='ocrx_word' id='word_1_236' title='bbox 685 4681 759 4720; x_wconf 86' lang='lat' dir='ltr'><strong>euru</strong></span> <span class='ocrx_word' id='word_1_237' title='bbox 792 4673 915 4747; x_wconf 86' lang='lat' dir='ltr'><strong>nepotc</strong></span> <span class='ocrx_word' id='word_1_238' title='bbox 949 4678 987 4718; x_wconf 85' lang='lat' dir='ltr'><strong>ac</strong></span> <span class='ocrx_word' id='word_1_239' title='bbox 1019 4647 1216 4738; x_wconf 83' lang='lat' dir='ltr'><strong>religionum</strong></span> <span class='ocrx_word' id='word_1_240' title='bbox 1247 4647 1410 4739; x_wconf 82' lang='lat' dir='ltr'><strong>magistris</strong></span> <span class='ocrx_word' id='word_1_241' title='bbox 1434 4646 1490 4712; x_wconf 88' lang='lat' dir='ltr'><strong>bie</strong></span> 
     </span>
    </p>
   </div>
   <div class='ocr_carea' id='block_1_5' title="bbox 382 4772 1489 4870">
    <p class='ocr_par' dir='ltr' id='par_1_5' title="bbox 382 4772 1489 4870">
     <span class='ocr_line' id='line_1_33' title="bbox 382 4772 1489 4870; baseline -0.008 -28"><span class='ocrx_word' id='word_1_242' title='bbox 382 4774 507 4842; x_wconf 87' lang='lat' dir='ltr'><strong>ibidem</strong></span> <span class='ocrx_word' id='word_1_243' title='bbox 547 4780 773 4869; x_wconf 76' lang='lat' dir='ltr'><strong>permanebo.</strong></span> <span class='ocrx_word' id='word_1_244' title='bbox 828 4777 934 4845; x_wconf 84' lang='lat' dir='ltr'><strong>donce</strong></span> <span class='ocrx_word' id='word_1_245' title='bbox 979 4772 1231 4870; x_wconf 82' lang='lat' dir='ltr'><strong>quadrupedem</strong></span> <span class='ocrx_word' id='word_1_246' title='bbox 1274 4793 1489 4863; x_wconf 82' lang='lat' dir='ltr'><strong>conspexero.</strong></span> 
     </span>
    </p>
   </div>
   <div class='ocr_carea' id='block_1_6' title="bbox 0 0 1830 5817">
    <p class='ocr_par' dir='ltr' id='par_1_6' title="bbox 0 0 1830 5817">
     <span class='ocr_line' id='line_1_34' title="bbox 0 0 1830 5817; baseline 0 0"><span class='ocrx_word' id='word_1_247' title='bbox 0 0 1830 5817; x_wconf 95' lang='lat' dir='ltr'><strong> </strong></span> 
     </span>
    </p>
   </div>
  </div>
 </body>
</html>
