3609 5817
447 735 532 819 264
792 729 880 816 Lus.
901 727 960 815 ll.
997 723 1098 817 Car.
1120 725 1200 815 lx.

382 968 430 1032 πῃ.
446 937 561 1012 eraudi
585 943 616 1010 vi
634 940 814 1011 cohibitum
837 960 956 1009 averte.
1006 943 1095 1009 Tum
1119 943 1260 1010 Cnccei's
1283 939 1403 1012 edocte
1427 943 1471 1012 eb
1490 969 1548 1013 tn·

446 1065 522 1134 cilla
548 1089 667 1132 noxam
691 1090 754 1159 per
780 1064 947 1133 commodi
972 1066 1136 1157 speeiem,
1163 1063 1248 1132 laeta
1279 1065 1413 1160 sibique
1437 1065 1545 1134 fidens

381 1195 428 1263 30.
442 1189 650 1257 Mantharam
676 1188 795 1259 talibus
820 1189 948 1256 allator:
974 1192 1088 1284 Magni
1112 1190 1197 1258 facio
1219 1189 1434 1283 prudentiam
1461 1193 1546 1286 opti·

442 1341 528 1380 mam
556 1334 644 1380 tunm
668 1314 791 1406 optima
822 1311 999 1379 suadentis.
1061 1312 1197 1404 Ubique
1219 1313 1367 1405 gentium
1399 1329 1436 1380 tu
1459 1313 1544 1380 iuter

378 1438 595 1529 51.gibberns
622 1433 758 1501 excellis
792 1431 937 1501 consiliis
964 1432 1201 1526 excogitandis.
1261 1435 1316 1498 Tu
1339 1433 1411 1502 solu
1433 1459 1545 1502 rerum

440 1584 587 1625 mearum
619 1582 753 1652 semper
778 1556 924 1625 studiosa
950 1583 998 1638 es,
1029 1557 1180 1650 mihique
1206 1556 1328 1624 dedita.
1376 1555 1544 1651 Equidem

440 1683 577 1752 sortasse
600 1685 670 1748 sine
701 1699 733 1748 te
741 1731 750 1762 ,
783 1680 941 1773 gibbern,
970 1703 1039 1751 nou
1065 1679 1303 1748 intellexissem
1332 1681 1424 1774 regis
1447 1677 1543 1748 moli-

377 1806 537 1877 3a.mina.
589 1802 673 1872 Sunt
693 1804 896 1895 plerumque
931 1801 1065 1895 gibberi
1099 1801 1286 1885 deformes,
1307 1805 1414 1899 previ,
1437 1803 1541 1873 omnis

440 1925 583 1993 malitiae
606 1926 715 2018 pleni:
744 1944 778 1993 tu
802 1949 899 2007 vero,
929 1924 1029 1993 veluti
1059 1924 1119 1991 loti
1143 1927 1205 1993 llos
1225 1944 1323 1993 rento
1348 1925 1540 2008 inclinatus,

376 2051 426 2117 ⁵3.
440 2068 577 2143 aspectu
614 2049 768 2117 iucunde.
823 2049 944 2117 Pectus
981 2067 1074 2116 tuum
1109 2068 1160 2116 est
1193 2051 1281 2116 bene
1316 2069 1539 2146 compactum,

439 2173 581 2240 humero
607 2189 700 2239 tenus
719 2173 930 2265 prominens,
954 2188 1138 2264 venterque
1159 2170 1245 2237 infra
1271 2170 1402 2265 planus,
1426 2171 1541 2268 pulcre

374 2297 425 2376 54.
439 2292 649 2361 umbilieatus
676 2313 710 2362 et
743 2293 837 2388 qnasi
872 2291 1022 2386 pudens,
1065 2292 1172 2360 femur
1200 2293 1448 2386 plenissimum,
1473 2313 1540 2366 tut·-

439 2435 622 2511 gentesque
653 2415 819 2511 papillae3
855 2417 955 2485 socies
982 2415 1080 2483 lunae
1115 2415 1278 2483 candidae
1308 2417 1440 2487 similis:
1474 2420 1539 2498 ein,

374 2543 424 2608 55.
438 2540 623 2621 Manthara,
647 2566 746 2633 quam
769 2540 888 2635 pulcre
909 2537 1014 2608 nites!
1064 2539 1191 2631 Inguen
1216 2559 1309 2607 tuum
1334 2557 1386 2609 est
1408 2559 1539 2622 tersum,

438 2663 563 2756 cinguli
588 2662 685 2729 nodis
700 2680 868 2747 ornatum3
892 2687 990 2730 crura
1002 2680 1078 2728 sunt
1090 2662 1186 2730 valde
1211 2662 1363 2758 gracilia,
1387 2681 1423 2732 et
1444 2663 1538 2730 ambo

376 2790 426 2856 56.
437 2785 543 2876 pedes
567 2783 775 2875 longiusculi.
829 2785 885 2849 Tu
909 2782 1059 2878 {procera
1094 2785 1221 2852 femora
1244 2810 1399 2870 movens,
1419 2785 1538 2858 linem

436 2925 563 2974 restem
587 2905 711 2986 induta,
737 2922 813 2972 anto
838 2930 894 2973 me
915 2905 1094 2990 incedens,
1118 2925 1275 3003 tauquam
1295 2909 1399 2978 arden
1415 2901 1447 3000 ¹)
1469 2909 1538 2984 eni·

499 3174 525 3252 l)
547 3173 640 3236 Posui
662 3195 773 3236 nornen
797 3172 939 3258 generale
954 3193 1016 3258 pro
1028 3173 1168 3257 speciali.
1210 3175 1383 3238 Sanscrite:
1414 3173 1536 3252 u‘uibla,

555 3276 587 3334 in
618 3295 730 3356 genere
764 3274 927 3336 feminino:
956 3275 1078 3348 treione
1110 3297 1203 3358 quarn
1221 3296 1311 3337 even
1332 3273 1538 3360 lexicographi

555 3373 668 3455 Angli,
699 3384 869 3456 praeeunte
895 3375 1124 3452 Celebrookio,
1150 3380 1295 3454 jeconam
1322 3378 1387 3438 sive
1410 3395 1537 3460 panum

558 3473 702 3535 Goertsem
723 3474 989 3556 interpretantur:
1018 3475 1101 3536 haud
1125 3477 1207 3553 acio,
1230 3497 1268 3536 an
1289 3476 1363 3539 satis
1383 3485 1536 3538 coeunte.

556 3573 687 3633 lacunae
716 3572 883 3655 pleraeque
910 3573 942 3633 iu
966 3573 1143 3656 regionibus
1170 3574 1427 3638 Transatluntieis
1448 3573 1537 3636 bebi-

556 3677 636 3730 tant:
659 3671 762 3752 plures
787 3693 894 3733 eurum
914 3674 1031 3754 species
1051 3675 1273 3751 affertberro,
1293 3673 1458 3738 deGeenst'
1474 3695 1537 3737 uon

554 3765 683 3832 disserit.
730 3772 876 3832 laeenam
896 3772 1056 3853 Indicam,
1084 3773 1146 3835 elio
1168 3777 1293 3840 nemine
1312 3777 1444 3838 fortasse
1461 3795 1538 3838 eun-

555 3868 639 3946 dem,
660 3879 864 3934 memoratam
891 3871 983 3934 video
1004 3873 1035 3934 in
1058 3872 1190 3958 Synopsr'
1202 3876 1338 3956 generali
1354 3877 1454 3936 avium
1471 3875 1537 3936 Au·

551 3970 629 4052 gliec
648 3972 772 4053 scripta.
826 3970 1033 4055 (Supplemeru.
1053 3996 1084 4057 p.
1100 3973 1181 4052 257.)
1223 3975 1284 4038 Sed
1307 3975 1469 4038 universae
1485 3975 1536 4036 Ju-

551 4089 646 4131 canae
670 4070 839 4132 traduntur
858 4071 955 4133 vitam
975 4095 1068 4154 agere
1090 4075 1120 4136 in
1145 4074 1220 4136 loeis
1240 4075 1418 4156 paludosis,
1437 4075 1536 4158 protis

549 4167 657 4244 uvidis,
680 4170 763 4230 cirea
782 4179 888 4252 stagno
903 4174 1059 4256 lacusque.
1080 4175 1156 4236 lnde
1172 4175 1283 4236 dubius
1302 4175 1431 4252 haereo,
1453 4173 1536 4259 quod

547 4270 579 4329 in
605 4267 704 4351 lepida
728 4270 861 4353 quadarn
879 4271 1062 4356 IIr'tdpade‘st'
1081 4273 1183 4336 sabula
1205 4275 1283 4349 (Lib.
1306 4275 1344 4348 ΙΙ,
1366 4275 1445 4336 rab.
1465 4275 1534 4338 ΧΙΙ.

546 4369 607 4430 Ed.
619 4369 729 4448 Bona.)
752 4370 875 4431 tinibha
898 4382 1046 4433 nnrrntur
1063 4373 1171 4434 nidum
1193 4373 1233 4436 ad
1252 4374 1345 4434 maris
1367 4373 1453 4436 littus
1474 4393 1535 4454 po-

544 4470 652 4546 suisse,
674 4477 736 4530 tum
753 4492 874 4552 prope,
896 4481 932 4532 ut
954 4474 1069 4534 Oceani
1091 4473 1236 4535 fluctibus
1258 4497 1316 4534 ova
1348 4473 1533 4556 abriperen-

545 4575 608 4634 tur.
654 4570 802 4632 ludorum
828 4574 964 4654 Aesopus
997 4594 1072 4635 vero
1104 4575 1178 4633 nilril
1200 4577 1265 4635 sere
1297 4575 1415 4654 lingere
1435 4575 1534 4648 solet,

546 4669 619 4746 quin
649 4692 718 4730 eum
748 4672 926 4733 animalium
955 4674 1060 4735 indole
1078 4675 1252 4736 conveniat.
1294 4673 1456 4756 Quicquid
1476 4673 1533 4748 sil,

543 4762 604 4828 hoc
628 4770 722 4832 ruodo
744 4781 911 4850 teneamus,
931 4771 1089 4842 tittibbuur
1111 4795 1175 4838 esse
1195 4797 1234 4844 et
1253 4795 1420 4838 utuuerosu
1440 4781 1533 4860 gente
