3609 5817
290 841 295 848 Ι
388 703 474 790 252
733 708 822 798 Lm.
842 707 902 800 11.
938 703 1040 802 Car.
1058 705 1141 806 vl.

329 919 376 984 15.
389 919 525 990 familias
549 925 730 1019 magnificis
762 927 915 1010 aedibus,
946 931 1035 996 circa
1065 951 1179 996 omnes
1205 949 1296 994 areas
1317 921 1492 992 arborum-

389 1067 454 1136 que
480 1043 625 1128 ordines,
652 1048 894 1117 extollebantur
926 1048 1043 1117 vexilla
1068 1051 1169 1143 picta,
1194 1073 1234 1115 ac
1258 1046 1388 1116 taeniae
1414 1071 1491 1140 per·

328 1163 374 1246 14.
388 1168 461 1236 ticis
484 1173 633 1238 innexae.
682 1174 713 1239 Λ
734 1176 912 1240 mimorum
937 1200 976 1242 ac
1002 1173 1193 1241 saltatorum
1217 1170 1387 1266 gregibus,
1415 1193 1492 1236 eau-

387 1294 582 1389 toribusque
605 1298 809 1364 cantantibus
834 1296 986 1392 undique
1013 1297 1232 1365 audiebantur
1251 1320 1351 1366 voces
1374 1295 1492 1362 animia

326 1413 372 1478 15.
386 1416 589 1512 auribusque
625 1418 798 1486 iucundae.
864 1420 1004 1487 Interim
1028 1422 1133 1506 cives,
1172 1419 1239 1486 imo
1273 1415 1327 1485 vel
1358 1413 1493 1510 pueruli

387 1555 463 1607 ante
498 1539 631 1608 aedium
659 1542 747 1610 sores
774 1545 963 1610 catenatim
986 1540 1150 1624 ludentes,
1182 1557 1315 1608 mutuos
1340 1539 1432 1607 inter
1455 1560 1492 1608 se

385 1687 556 1733 sermones
586 1690 715 1749 serere,
739 1690 814 1732 cum
847 1668 967 1734 Ramae
1002 1665 1253 1734 consecratione
1285 1662 1491 1730 coniunctos.

325 1773 372 1840 ¹6·
386 1786 448 1854 Via
472 1788 580 1881 regia,
613 1788 734 1854 civium
765 1786 874 1855 studio
901 1788 1040 1855 ssoribus
1065 1810 1244 1879 conspersa
1275 1811 1315 1853 ac
1338 1803 1415 1854 ture
1437 1786 1492 1852 in-

385 1933 486 1979 censo
507 1911 630 1994 suffita,
656 1910 778 1979 sestam
803 1929 976 2005 aspectum
1001 1910 1180 1978 exhibebat
1203 1909 1239 1975 iu
1265 1907 1490 1977 consecratio·

324 2041 370 2103 ¹7·
384 2033 435 2099 nis
456 2033 630 2102 honorem.
679 2036 778 2104 Nocti
803 2034 1246 2129 venturae'prospieientes,
1271 2049 1308 2099 ut
1332 2031 1488 2100 tenebras

383 2155 623 2241 illuminarent,
658 2158 700 2225 ad
734 2158 919 2253 platearum
949 2160 1113 2252 margines
1145 2173 1324 2224 erexerant
1346 2153 1490 2250 lychnu-

325 2271 465 2348 alienos
491 2281 648 2350 arborum
673 2285 799 2376 specie.
821 2275 848 2374 ¹)
903 2283 952 2356 Ita
976 2281 1129 2376 perfecto
1153 2279 1246 2347 urbis
1272 2294 1393 2345 ornatu
1418 2277 1489 2345 eius

383 2404 523 2487 incolae,
552 2425 781 2500 exspectantes
796 2406 917 2472 ernae
927 2405 1209 2473 consecrationem
1227 2400 1270 2470 ad
1284 2402 1489 2472 consortium

322 2542 370 2606 ¹9·
384 2528 533 2620 imperii,
562 2531 756 2623 frequentes
782 2529 943 2625 congredi
968 2528 1011 2597 ad
1036 2546 1147 2623 xystus
1173 2551 1348 2622 areasque,
1374 2526 1488 2620 ibique

384 2650 634 2720 confabulantes
660 2652 831 2721 dominum
844 2653 1000 2721 laudibus
1014 2651 1185 2721 extollere.
1235 2645 1366 2743 »Eugel
1389 2673 1487 2742 quam

320 2795 369 2838 ao.
384 2776 629 2866 ”magnanimus
654 2794 704 2843 est
733 2803 792 2844 rex
817 2779 933 2860 hicce,
963 2775 1211 2845 lxvalcuidarum
1230 2775 1343 2870 stirpis
1367 2771 1488 2866 ampli-

384 2892 538 2977 aleator,
571 2898 629 2990 qui
654 2916 759 2965 semet
789 2902 881 2967 senio
909 2898 1097 2966 confectum
1120 2897 1329 2993 intelligens,
1352 2897 1487 2964 usum

320 3015 439 3084 ²¹·”in
463 3018 643 3111 imperium
668 3036 719 3087 est
742 3037 966 3114 cooptaturus.
1013 3020 1083 3088 Nos
1105 3045 1221 3091 omnes
1245 3023 1488 3090 incrementum

384 3140 485 3210 »inde
522 3142 692 3237 capimus,
727 3141 820 3236 quod
854 3143 990 3226 Rimas,
1020 3167 1083 3210 rex
1107 3161 1221 3211 noster
1245 3158 1393 3225 creatus,
1424 3165 1487 3236 per

320 3261 540 3361 ambagum
564 3291 680 3334 aevum
708 3291 770 3334 nos
796 3268 958 3353 tuebitur,
991 3292 1105 3335 rerum
1126 3268 1344 3334 humanarum
1369 3265 1487 3336 dirmi-

383 3390 490 3455 ”mina
514 3392 738 3486 perspiciens,
763 3394 956 3487 neutiquam
980 3394 1137 3487 superbia
1161 3393 1303 3474 inflatus,
1326 3391 1487 3487 prudens,

383 3511 497 3604 “pius,
521 3510 641 3579 fratres
669 3514 801 3581 caritate
829 3514 1052 3607 amplectens,
1078 3533 1111 3581 et
1135 3513 1232 3580 sicuti
1267 3537 1347 3608 erga
1372 3513 1487 3581 iratres

382 3635 577 3729 ¹’benignum
597 3633 742 3728 perinde
760 3635 859 3700 etiam
878 3661 955 3729 erga
975 3658 1036 3701 nos
1053 3634 1212 3701 animatus
1228 3651 1278 3700 est
1289 3630 1485 3728 Raglruides.

318 3749 369 3817 ²5·
383 3757 470 3823 »Diu
495 3759 620 3824 utinam
642 3757 728 3826 vivat
751 3757 959 3840 Dasarathas,
983 3782 1043 3824 rex
1068 3759 1144 3852 pius
1165 3759 1317 3850 vitaeque
1340 3757 1488 3850 integer,

319 3876 495 3960 auronius
516 3878 629 3950 surore
650 3884 784 3951 balmam
809 3899 1038 3951 consecratum
1067 3877 1288 3950 videbimusla
1316 3913 1368 3930 -··
1392 3877 1486 3950 Talia

443 4236 472 4319 1)
491 4237 657 4301 Notatione
687 4236 814 4320 (lignum
834 4245 888 4314 est,
910 4236 992 4298 laune
1011 4257 1132 4300 morem
1156 4239 1266 4300 festum
1286 4233 1417 4320 aliquod
1436 4233 1487 4296 lu-

503 4339 604 4400 cernis
620 4338 676 4400 sub
692 4336 744 4398 dio
758 4338 888 4400 accensis
902 4337 1088 4415 celebrandi,
1102 4339 1305 4416 λυχνοκαΐαν,
1328 4335 1411 4397 ludis
1431 4355 1488 4418 pa·

504 4440 583 4500 riter
613 4447 645 4501 et
675 4439 834 4522 Aegyptiis
863 4447 927 4498 tam
954 4439 1087 4521 antiquis
1118 4438 1310 4520 temporibus
1340 4437 1487 4498 usitatum

504 4539 601 4600 luisse.
624 4536 974 4616 collationatum.
1019 4539 1098 4600 Satis
1121 4539 1238 4600 allalrrc
1266 4539 1362 4598 laetias
1382 4545 1486 4596 autem

505 4649 671 4719 apparatus
694 4641 780 4701 urbis
803 4638 970 4724 llyirdlryae
1002 4639 1218 4700 illuminandae
1240 4639 1330 4698 luisse
1350 4634 1486 4708 ridetur,

505 4737 654 4819 siquidem
675 4745 765 4822 po'eta
783 4740 970 4824 lxcbnuelros
994 4763 1065 4801 euna
1087 4739 1251 4802 arboribus
1272 4743 1444 4818 consputat.
