3609 5817
622 767 923 852 suenumnu
955 782 1160 849 conuiuis.
1397 763 1448 845 ta

335 997 509 1074 permotus
519 978 651 1058 Rimas,
679 1005 782 1072 quum
807 978 911 1046 Sltam
937 1001 1072 1043 saeuam
1092 977 1133 1043 ab
1160 978 1250 1042 omni
1274 974 1371 1068 culpa
1393 997 1450 1042 eo·

336 1102 522 1195 gnavisset‚
561 1102 788 1168 intemeratam
814 1100 952 1193 reecpit
1004 1099 1146 1191 Propter
1180 1122 1335 1192 magnum
1360 1098 1449 1166 istud
1460 1101 1513 1166 85.

335 1249 420 1316 opus
452 1220 652 1315 perfeetum*
670 1224 808 1316 propitii
836 1224 939 1303 Divi,
975 1220 1075 1288 ludra
1101 1219 1210 1302 (lutee,
1250 1246 1327 1289 cum
1353 1241 1449 1289 coetu

335 1345 543 1439 Sapientium
575 1345 809 1412 coelicolarum
837 1344 1042 1440 Rnghuidem
1068 1348 1212 1413 venerati
1238 1364 1321 1413 sunt
1373 1344 1449 1411 Tali
1461 1341 1512 1423 84·

337 1470 464 1537 bonore
490 1487 624 1535 ornatus
650 1495 668 1533 a
692 1469 883 1534 numinibus
909 1470 1088 1549 universis,
1114 1491 1326 1561 summopere
1349 1469 1380 1534 ei
1402 1465 1450 1534 sa-

337 1592 627 1672 ventibus,'omni
652 1593 784 1682 negotio
809 1608 965 1685 peraeto,
1001 1591 1118 1658 namus
1143 1615 1247 1687 porro
1272 1592 1373 1661 futuri
1398 1615 1451 1663 to·

338 1738 472 1795 curus,
495 1711 637 1779 laetitiae
671 1712 817 1780 indulsit.
868 1714 991 1780 Divum
1017 1714 1128 1782 lavore
1152 1735 1265 1784 votum
1289 1716 1510 1811 adeptus‚85.

336 1855 373 1903 ut
400 1841 640 1903 reviviscerent
664 1840 768 1928 ipsias
792 1841 877 1902 socii
901 1836 987 1902 bello
1015 1842 1126 1914 coesi,
1161 1842 1263 1907 simiis
1288 1842 1323 1906 in
1349 1842 1447 1908 vitam
1523 1853 1532 1867 ⁴

336 1964 515 2042 reuocatis,
542 1986 642 2027 ettrru
669 1962 843 2055 Pusbpaeo
870 1986 1079 2043 conscenso,
1104 1961 1147 2027 ad
1173 1962 1337 2057 oppidum
1359 1964 1449 2030 Nan-

336 2085 523 2178 digrlmum
558 2084 727 2178 prolectas
762 2104 819 2152 est.
883 2084 933 2150 lbi
962 2083 1147 2178 liuglmitles
1182 2085 1321 2182 capillos
1355 2103 1510 2168 moressfi,

338 2226 520 2275 ascetamm
544 2208 661 2304 plexos
686 2207 802 2289 solvit,
826 2229 859 2277 et
884 2234 960 2276 eum
985 2209 1141 2276 iratribus
1166 2211 1201 2276 in
1222 2210 1342 2279 urbem
1357 2210 1449 2305 Aye-

337 2331 462 2426 albyam
494 2356 669 2413 reversus,
704 2332 829 2423 regiam
861 2331 1054 2425 dignitatem
1088 2330 1366 2426 denuoadeptus
1391 2350 1449 2398 est

337 2453 502 2547 Populus,
526 2453 650 2520 laetitia
672 2451 792 2536 alacer,
817 2453 1030 2548 tranquillus,
1055 2456 1144 2522 victu
1169 2451 1361 2536 abundans,
1383 2451 1449 2546 legi
1461 2461 1509 2545 87.

336 2602 448 2644 sacrae
473 2578 727 2670 obtemperans,
767 2603 865 2645 sanus
887 2579 1022 2670 utiquc,
1058 2601 1169 2671 neque
1193 2576 1262 2643 ulla
1288 2575 1343 2643 luc
1370 2576 1450 2642 allli·

336 2718 406 2765 ctus
419 2750 429 2781 ,
452 2725 469 2766 a
489 2701 623 2766 caritate
645 2723 795 2767 annonae
823 2702 1009 2792 ceterisque
1037 2699 1274 2768 calamitatibus
1302 2715 1448 2768 exemtus

336 2824 463 2890 mansit.
514 2821 765 2890 Panessamilias
790 2848 962 2917 nunquam
986 2824 1033 2890 ibi
1057 2839 1198 2890 mortem
1220 2822 1364 2892 filiorum
1387 2820 1447 2889 ad·
1462 2828 1511 2893 88.

336 2948 499 3039 spiciunt,
526 2944 769 3041 mulieresque,
793 2972 927 3039 semper
949 2947 1111 3039 obsequio
1135 2971 1212 3038 erga
1232 2947 1367 3014 maritos
1389 2944 1449 3012 ‹le-

337 3069 445 3150 ditae,
469 3094 538 3136 non
564 3069 648 3138 liant
673 3069 798 3137 viduae.
849 3069 986 3136 Nullum
1007 3070 1053 3134 ibi
1077 3088 1180 3137 exstat
1201 3067 1389 3163 perieulum
1407 3068 1512 3161 uhtu.

336 3189 528 3274 incendiis,
565 3218 629 3261 nee
665 3193 817 3287 proluvie
851 3220 1011 3288 aquarum
1047 3210 1242 3288 merguntur
1276 3194 1450 3276 homines3

339 3313 468 3381 nullum
494 3332 599 3382 exstat
622 3314 810 3409 perieulum
835 3339 852 3379 a
880 3315 1147 3407 tempestatibus,
1173 3338 1284 3407 neque
1305 3340 1324 3379 a
1348 3311 1452 3381 latro-

340 3442 437 3506 nibus
463 3439 620 3533 denique.
683 3436 860 3528 Urbesque
886 3438 1145 3529 provinciaeque
1179 3435 1299 3527 opibus
1328 3450 1362 3498 et
1383 3431 1511 3524 fra-90.

339 3563 440 3628 menti
467 3562 562 3652 copia
593 3559 730 3639 llorent,
769 3560 924 3651 civesque
950 3580 1064 3622 omnes
1090 3580 1224 3650 semper
1251 3572 1328 3621 sunt
1353 3553 1451 3637 laeti,

340 3686 439 3781 plane
460 3687 556 3754 sicuti
577 3687 613 3753 in
641 3683 752 3752 seculo
778 3708 888 3751 aureo.
939 3680 1110 3749 Gloriosus
1135 3674 1321 3775 Raghuitles
1341 3692 1513 3757 autem9t.

339 3809 487 3875 centenis
513 3805 682 3872 sacrifieiis
708 3806 838 3899 equinis
865 3803 984 3886 litatis,
1010 3803 1149 3898 aliisque
1168 3827 1287 3898 magno
1309 3804 1379 3868 auri
1399 3800 1452 3868 di·

338 3931 481 4026 spendio
508 3930 701 4010 celebratis,
727 3930 896 3995 immensis
917 3930 1037 4021 opibus
1059 3930 1145 3995 iuter
1159 3928 1379 3995 Brachmanae
1399 3925 1452 3991 di·

338 4057 508 4136 stributis,
534 4051 758 4146 centuplicem
776 4054 975 4146 propagabit
996 4075 1110 4144 regum
1133 4053 1338 4147 progeniem,
1364 4069 1397 4117 et
1416 4053 1450 4115 in
1463 4072 1515 4137 9²·

339 4178 405 4244 liae
431 4178 513 4244 orbe
541 4194 704 4243 terrarum
730 4190 910 4267 quatemus
942 4175 1061 4241 cisium
1087 4172 1242 4254 ordines,
1282 4197 1451 4267 quemque

339 4302 373 4366 in
399 4301 465 4367 suis
490 4298 603 4365 officiis
629 4295 805 4362 coercebit.
858 4283 1012 4389 licitique
1036 4319 1097 4388 pier
1122 4294 1241 4360 decem
1261 4290 1365 4358 millia
1392 4300 1513 4385 ati-95.

339 4447 478 4504 norum,
505 4422 616 4488 decies
641 4419 788 4486 centenis
814 4417 954 4500 additis,
988 4419 1104 4488 lisimas
1129 4416 1271 4514 imperio
1299 4415 1450 4496 functus,

339 4545 384 4614 ad
407 4547 622 4616 Bnacuulsis
649 4542 765 4612 aedem
791 4542 958 4633 etehctur.
983 4576 1033 4592 -

886 4697 913 4750 Ἰ
