3609 5817
421 711 504 799 tto
737 704 827 798 Lu.
862 699 898 798 1.
929 699 1032 800 Cir.
1063 704 1205 803 XLV.

358 936 410 1003 56.
418 925 550 1017 porceti
606 922 727 993 Proiuc
752 941 852 994 temet
882 926 1010 1020 ipsum,
1034 927 1085 993 vir
1109 924 1254 1008 excelse,
1278 948 1363 1018 tque
1384 947 1519 1021 semper

355 1043 572 1135 570sulutcri,
600 1042 823 1141 lustratusque
853 1048 1048 1115 meritorum
1076 1049 1232 1141 praemiis
1257 1046 1377 1117 intere.
1425 1051 1518 1122 Avo-

415 1190 492 1236 rum
517 1186 650 1235 tuorum
688 1172 837 1238 omnium
860 1169 897 1236 in
922 1170 1086 1237 honorem
1110 1168 1162 1238 sec
1186 1170 1378 1239 libationem
1404 1170 1519 1241 solen·

415 1317 503 1361 nem.
557 1294 648 1361 Bene
679 1291 741 1361 tihi
776 1290 862 1361 estu!
919 1289 1088 1386 Equidem
1124 1294 1159 1360 in
1188 1290 1303 1361 sedem
1336 1294 1518 1363 eutherium

357 1423 587 1501 58.revertor;
612 1432 648 1483 tu
673 1438 809 1510 quoque
834 1414 971 1482 domum
993 1414 1078 1482 redi.
1110 1413 1248 1482 Talibus
1273 1413 1386 1484 effetus
1410 1415 1518 1486 timus

391 1540 597 1608 *oricum
612 1538 855 1632 Bbugtnthem,
876 1539 1020 1606 hostium
1042 1536 1251 1619 domitorem,
1277 1562 1353 1606 cum
1374 1536 1519 1607 deorum

356 1653 572 1739 ⁵oeomiutu
594 1658 638 1730 ud
663 1660 778 1729 sedem
803 1685 896 1728 suum
927 1662 1158 1729 inconcussum
1179 1661 1347 1730 remcavit.
1396 1662 1519 1754 ltusgt-

412 1785 523 1854 ruthes
555 1804 685 1868 eutem,
722 1809 782 1853 rer
820 1787 970 1879 sapiens,
1010 1782 1228 1866 clarissimus,
1264 1781 1439 1851 celebretis
1472 1808 1517 1852 ex

352 1903 531 1977 ooordine
562 1907 795 2004 Segaridnrum
815 1908 942 1976 inferiis
977 1911 1074 1978 sicuti
1099 1907 1259 1991 deccbut,
1281 1909 1355 2003 ipse
1380 1931 1519 2002 quoque

411 2055 497 2123 aqua
521 2031 584 2097 rite
605 2028 759 2098 lustratus
784 2027 827 2096 ad
851 2031 972 2097 urbem
995 2056 1088 2099 suam
1111 2055 1262 2099 reversus
1288 2047 1356 2112 cst,
1379 2029 1519 2124 opibus·

350 2154 614 2244 sequestretur
642 2154 737 2247 regni
770 2154 822 2220 sui
846 2154 987 2247 imperio
1014 2153 1168 2247 praefuit
1218 2156 1263 2223 At
1285 2150 1430 2249 populor
1456 2150 1517 2221 uti

410 2273 566 2368 principe
591 2273 717 2343 reduce
741 2273 898 2359 luctatus,
931 2299 951 2344 o
976 2276 1170 2370 Rughuidc,
1196 2276 1329 2345 dimisse
1351 2276 1518 2344 moestitia

351 2402 445 2469 oues
465 2397 687 2491 aegritudine,
713 2401 866 2469 omnihus
889 2402 994 2494 copiis
1020 2401 1168 2468 effloruit.
1219 2399 1276 2469 Sic
1299 2399 1378 2481 tibi,
1402 2400 1517 2482 Rdmn,

411 2518 545 2616 Gangue
570 2524 764 2591 memorium
789 2522 891 2590 fusius
917 2548 979 2617 ego
1006 2522 1159 2617 explicui.
1208 2524 1236 2590 F
1237 2541 1327 2591 tusto
1350 2522 1412 2589 tibi
1434 2546 1516 2616 pre-

348 2640 485 2711 63.cor!
523 2641 628 2712 salve!
686 2648 835 2739 Tempus
866 2648 1093 2739 vespertinum
1126 2647 1191 2711 iem
1230 2644 1397 2738 praeterit.
1446 2644 1515 2710 Lu·

409 2763 517 2832 stralis
551 2785 616 2848 est,
650 2792 810 2862 opesque,
844 2768 986 2850 sumum,
1011 2793 1127 2835 nevum
1160 2767 1371 2847 diuturnum,
1396 2761 1514 2833 sedem

408 2887 499 2980 apud
531 2889 678 2985 Superos
710 2890 857 2984 denique
892 2889 1101 2958 audientibus
1135 2908 1230 2984 purut
1253 2891 1336 2958 hoec
1364 2887 1512 2956 narretio

408 3012 452 3082 ‹le
476 3011 610 3107 Gangas
636 3011 817 3096 descensu,
843 3038 937 3082 ome
962 2997 1026 3082 tibi
1047 3032 1203 3084 enarratu

819 3266 1095 3291 ...annun—.-

805 3528 955 3597 ctotu·
1003 3525 1106 3598 xcv.
1182 3488 1188 3503 '

739 3764 996 3852 ,Ausuosus
1021 3783 1167 3852 ortuo,

369 4156 398 4204 1,
505 4108 630 4182 Audito
654 4111 870 4180 Visvtmiuae
903 4133 1056 4177 sermone
1079 4106 1286 4203 Ruglruidcs,
1315 4107 1442 4201 puriter
1465 4130 1507 4176 ec

406 4236 607 4317 Lumenus,
634 4232 677 4301 td
700 4259 861 4302 summam
886 4231 1136 4300 admirationem
1162 4249 1295 4326 raptus,
1319 4231 1411 4298 hisce
1434 4253 1507 4298 mc-

367 4385 397 4430 π.
404 4361 543 4452 gistrum
566 4356 693 4427 effatur:
724 4359 784 4427 Est
806 4356 901 4426 vuldo
929 4354 1109 4437 mirabilis,
1143 4354 1362 4436 Bruchmuue,
1390 4375 1508 4420 nme·

403 4484 450 4551 tio
480 4483 563 4551 hoec
594 4509 613 4549 a
643 4501 676 4550 tc
699 4479 846 4575 prolatu:
876 4497 1008 4550 sauctus
1040 4478 1173 4573 Gmgae
1206 4476 1403 4557 descensos,
1439 4499 1507 4543 neo

364 4616 473 4679 &non
496 4605 624 4673 Oceani
649 4606 805 4699 expletio.
852 4605 926 4673 Nox
950 4603 1050 4684 haec,
1072 4627 1092 4671 o
1115 4603 1260 4670 hostium
1281 4599 1443 4680 domitor,
1468 4596 1506 4662 in

403 4731 505 4797 breve
526 4732 685 4822 temporis
706 4746 910 4796 momentum
937 4725 1086 4796 contrahi
1106 4725 1202 4792 nobis
1235 4725 1302 4793 visu
1333 4740 1399 4804 est,
1421 4718 1503 4788 dum
