3609 5817
553 731 826 825 Bnacnnams
859 762 1080 826 aovmros.
1313 751 1362 831 tt

262 960 294 1022 in
322 954 457 1034 conscio
483 954 532 1019 sui
559 953 661 1021 corslc
687 955 945 1022 subnascebatnr
972 958 1033 1049 ipsi
1059 959 1226 1050 cogitatio:
1258 959 1364 1044 Quid·

261 1070 414 1143 namhoc
431 1095 480 1141 cst
500 1076 631 1144 cllatnm
652 1103 750 1157 amo,
771 1101 923 1143 moerore
946 1099 1086 1173 propter
1108 1109 1201 1148 avem
1222 1084 1364 1151 afflicto?

260 1205 323 1267 l'rr
337 1200 477 1292 aliquod
491 1221 620 1299 tempus
641 1200 814 1268 meditatus
833 1207 1026 1272 sententiam
1047 1206 1141 1270 istam
1159 1223 1191 1272 et
1209 1230 1365 1299 persero.
1379 1235 1425 1281 20.

260 1344 362 1405 satus,
386 1322 588 1416 discipulum
606 1324 843 1409 Bharadvsljnm
865 1324 959 1392 lateri
981 1326 1165 1396 adstantem
1186 1329 1236 1395 his
1255 1331 1363 1397 verbis

262 1448 487 1542 compellarit:
514 1448 587 1514 Vox
606 1450 705 1528 hacc,
727 1448 870 1540 pedibus
889 1447 1060 1532 adstricta,
1086 1450 1286 1543 syllabamm
1302 1481 1427 1535 nti-21,

261 1597 351 1639 merc
366 1572 531 1665 aequalis,
558 1574 732 1638 coniuncta
751 1597 825 1638 cum
845 1574 1001 1667 rhythmo
1021 1592 1053 1640 ct
1079 1574 1319 1658 modulatione,
1345 1607 1362 1646 a

260 1720 310 1761 sne
327 1714 498 1763 moerente
517 1697 634 1761 emissa
652 1694 780 1763 Sancus
804 1691 837 1779 5)
854 1695 991 1775 dicitnr,
1011 1696 1100 1762 haud
1118 1696 1220 1764 aliter.
1254 1702 1364 1768 Disci-

261 1818 357 1911 palus
372 1837 482 1885 autem
500 1842 688 1885 sermonem
702 1821 888 1911 egregium,
915 1821 956 1884 sb
975 1814 1170 1885 anachoreta
1187 1821 1363 1912 prolatum,
1376 1860 1423 1901 ῃ.

260 1942 347 2007 idem
372 1940 566 2007 allirmando
592 1942 844 2032 comprobarit,
879 1944 1046 2009 caritatem
1072 1964 1149 2032 erga
1173 1944 1364 2035 magistrum

260 2064 366 2159 palam
386 2065 519 2131 iaciens.
556 2062 634 2143 lllc,
657 2083 832 2157 postquam
854 2090 939 2156 aqua
954 2088 972 2129 c
987 2062 1071 2131 vaslo
1089 2065 1152 2132 isto
1168 2065 1282 2134 hausta
1299 2071 1362 2139 rite
1377 2083 1423 2149 23.

259 2214 294 2254 sc
314 2187 543 2282 adsperseaat,
576 2185 715 2253 candem
739 2212 809 2252 rem
831 2211 943 2254 secum
968 2206 1079 2255 mente
1104 2189 1294 2273 revolvens,
1320 2190 1362 2259 ad

259 2315 423 2406 tugurium
442 2293 551 2379 rediit.
589 2312 745 2404 Magnum
762 2312 993 2379 anachoretam
1012 2309 1206 2380 subsecutus
1225 2334 1274 2381 est
1290 2339 1362 2382 mo·
1376 2329 1423 2407 ²4·

259 2434 370 2505 (leatus
382 2433 614 2521 Blaaradrsljus,
630 2431 813 2526 discipulus
830 2434 1090 2525 probatissimus,
1108 2460 1245 2501 urceum
1257 2462 1361 2527 aquae

258 2558 393 2654 plenum
416 2582 529 2625 secum
551 2574 731 2649 asportans.
765 2554 904 2622 Sanctus
925 2554 997 2635 illc,
1020 2582 1122 2648 mrum
1141 2558 1175 2623 in
1196 2581 1361 2626 secessum
1374 2573 1422 2637 25.

257 2706 351 2752 nnn
368 2682 536 2760 intrasset,
558 2677 655 2746 simul
673 2701 747 2743 cum
763 2672 949 2770 discipulo,
974 2679 1150 2748 considens
1167 2684 1201 2748 in
1219 2684 1360 2775 tugurio,

257 2814 372 2880 ntitas
403 2809 438 2874 in
473 2801 750 2904 contemplatione
776 2800 902 2869 delitus
927 2805 1055 2870 mansit.
1105 2802 1203 2872 Tunc
1229 2805 1423 2884 advenitafi,

256 2937 456 3012 Bracaris,
481 2930 552 3023 ipse
574 2923 691 2994 mundi
717 2924 871 2992 conditor
897 2946 930 2994 ct
957 2945 1086 3006 rector,
1121 2947 1280 3020 quaterna
1302 2952 1359 2995 ora

255 3080 384 3151 gerens,
409 3070 574 3145 augustus,
597 3052 721 3143 egregii
738 3049 902 3143 Sapientis
926 3046 1087 3117 invisendi
1106 3048 1216 3142 gratia.
1252 3054 1358 3135 Quem
1374 3081 1422 3148 ²⁷·

256 3179 464 3271 conspicatus
480 3172 647 3241 Vllmlces
669 3170 806 3265 quidem
823 3172 933 3240 subito
955 3197 1144 3265 assurgens,
1167 3198 1247 3242 socc
1267 3200 1358 3240 cosn-

256 3328 385 3399 prcssa,
402 3299 553 3366 manibus
570 3295 767 3391 suppliciter
784 3298 914 3376 iunctis,
932 3292 1184 3361 venerabundos
1203 3299 1357 3373 constitit,

257 3422 626 3493 schementcrmiratns.
663 3422 772 3503 Quum
784 3420 1015 3484 osannam
1034 3418 1095 3481 rite
1115 3415 1302 3495 salutasset,
1324 3435 1417 3500 mg,
1488 3427 1495 3448 ‘

257 3548 512 3639 inscrrogassct,
543 3570 585 3611 an
617 3560 782 3636 perpetuo
811 3536 952 3621 caleret,
989 3559 1160 3607 veneratus
1185 3557 1235 3605 cst
1256 3535 1357 3604 daiam

257 3671 353 3738 saetis
378 3670 580 3748 honoribus,
604 3691 689 3758 aqua
711 3664 752 3730 ad
780 3663 883 3757 pedes
910 3662 1082 3742 lavandos,
1108 3682 1219 3757 patera
1242 3662 1355 3755 hospi-

256 3794 330 3875 tali,
355 3813 388 3860 ct
408 3790 503 3860 sedili
527 3792 688 3884 apposito.
729 3786 863 3858 Almam
882 3812 1006 3857 numen
1028 3786 1103 3858 loco
1125 3788 1352 3854 honestissimo
1369 3811 1425 3883 ²9³

261 4022 522 4042 ψ

294 4166 331 4242 3)
355 4166 447 4229 Ludit
462 4177 554 4248 pocta
570 4166 599 4227 in
614 4164 696 4226 vocis
710 4164 870 4249 utriusque
885 4159 1102 4227 cnsssonanlia:
1124 4164 1196 4227 atta
1213 4170 1257 4227 cst
1271 4184 1355 4225 mor·
1416 4142 1422 4150 ’

376 4288 451 4341 ror,
472 4267 579 4341 stas-a,
604 4274 736 4327 metrum
763 4265 934 4326 heroicum.
976 4262 1033 4326 vn
1058 4264 1269 4340 moncrsdum,
1292 4286 1355 4325 non

374 4366 541 4448 leff'timun
562 4385 625 4427 esse
646 4363 886 4440 claritatinncsn,
908 4362 959 4426 scd
978 4385 1012 4424 ea
1031 4386 1069 4425 eo
1087 4387 1200 4443 gernere
1222 4364 1354 4425 natatio·

375 4485 460 4541 πω,
477 4486 541 4548 qao
556 4466 681 4525 fonuita
698 4463 865 4524 similitudo
879 4466 919 4526 asl
934 4484 1053 4526 sensnm
1068 4466 1210 4526 trahitur.
1233 4464 1357 4526 Exstant

375 4565 441 4627 eins
456 4566 593 4647 menapia
609 4563 693 4647 apud
717 4564 888 4627 llomcran
906 4574 940 4626 et
956 4564 988 4625 in
1006 4563 1091 4628 libris
1110 4566 1261 4626 oleastris.
1297 4565 1355 4624 att.

375 4686 444 4725 rum
470 4663 502 4726 in
524 4664 651 4726 modum
672 4664 786 4727 lusibus
809 4662 961 4726 eiusmodi
986 4664 1196 4747 etymologica
1217 4661 1356 4747 indulge·

374 4763 427 4827 lsat
450 4764 624 4849 antiquitas.

1143 4876 1164 4945 2
