3609 5817
585 710 910 800 Rnaesononmt
942 737 1179 801 mensorio.
1376 726 1432 806 23

333 931 413 996 bitu.
453 931 530 994 Pius
554 926 609 994 ille
631 925 781 1021 adspexit
807 931 931 1020 regiam
957 929 1102 1022 prolem,
1128 931 1243 999 iratres
1270 933 1438 1026 gemellos,
1453 943 1480 1001 3.

333 1052 495 1131 illustres,
526 1076 605 1120 voce
631 1076 751 1120 canora
777 1051 945 1146 praeditos
954 1103 964 1134 ,
997 1056 1032 1120 in
1057 1056 1160 1148 ipsius
1185 1079 1315 1122 secessu
1343 1056 1438 1123 habi·

332 1193 445 1241 untes
496 1176 587 1257 Quos
609 1201 712 1269 quum
738 1193 849 1243 nosset
869 1177 1024 1269 magister
1040 1176 1265 1245 adolescentes
1287 1179 1437 1272 iugenio·
1450 1186 1479 1263 4.

333 1322 384 1366 soa
407 1297 573 1365 librorum
595 1323 765 1367 sacrorum
789 1298 887 1392 plane
915 1302 1059 1393 peritos,
1090 1299 1191 1368 studii
1215 1325 1327 1368 rerum
1351 1300 1436 1368 divi-

333 1444 445 1488 narum
475 1422 697 1515 promovendi
725 1423 827 1517 gratia
861 1422 995 1491 edocuit
1020 1448 1077 1491 eos
1103 1447 1238 1491 carmen
1261 1420 1435 1516 Ildmdya-

332 1567 432 1622 uum,
457 1549 492 1614 in
513 1571 581 1642 quo
601 1573 719 1643 magua
741 1548 829 1616 Sltae
847 1550 950 1617 virtus
973 1545 1157 1641 caedesque
1178 1546 1330 1614 Paulastii
1348 1541 1433 1639 (lta-
1447 1553 1474 1613 5.

332 1665 453 1747 mnae)
478 1688 647 1754 narratur,
672 1670 765 1766 quod
791 1670 980 1740 auditorum
998 1693 1093 1738 aures
1110 1669 1277 1764 voluptate
1293 1667 1433 1765 perluu-

330 1788 396 1875 dit,
428 1817 582 1877 carmen,
613 1797 806 1878 recitatione
831 1813 998 1887 cantuque
1022 1792 1226 1872 iucundum,
1253 1793 1295 1860 ad
1320 1797 1474 1863 ternos6.

330 1912 481 1983 modulos
501 1917 801 2000 accommodatum,
826 1937 958 2011 septem
976 1919 1061 1986 tonis
1075 1919 1208 1986 musicis
1228 1915 1430 1997 adsttictum,

330 2062 403 2106 cum
433 2038 579 2108 melodia
602 2061 636 2110 et
664 2043 821 2135 rhythmo
854 2043 1087 2127 coniunctum,
1121 2061 1271 2111 ornatum
1296 2064 1429 2135 qunque
1443 2065 1470 2125 7.

331 2162 423 2230 variis
447 2165 631 2231 carminum
653 2164 839 2246 all'ectihus,
871 2188 1002 2249 amore,
1033 2162 1246 2248 fortitudine,
1270 2165 1430 2242 horrore,

330 2284 548 2368 vehementia,
574 2290 660 2370 risu,
684 2307 829 2372 terrore,
853 2291 1082 2375 miseratione,
1106 2289 1266 2359 miraculo
1293 2308 1326 2358 ct
1345 2288 1431 2355 leni·

330 2425 399 2477 tate.
448 2412 630 2505 Postquam
650 2414 766 2496 ambo,
798 2433 869 2488 tum
892 2416 1077 2483 reverentia
1095 2411 1252 2479 lemlcis
1278 2409 1411 2504 impulsi
1418 2421 1469 2491 ,a

329 2549 394 2599 tum
419 2531 600 2603 dulcedine
626 2539 780 2606 carminis
802 2537 930 2620 allecti,
955 2555 1061 2607 tutum
1080 2534 1116 2605 id
1140 2535 1331 2603 memoriter
1357 2531 1428 2599 edi-

327 2653 492 2740 dicerunt,
508 2658 690 2743 Vllmlces,
715 2680 847 2731 sanctus
862 2662 1076 2742 anachoreta,
1103 2658 1257 2751 incapite
1274 2679 1331 2724 eoa
1346 2654 1426 2723 deo·
1442 2680 1472 2745 9.

328 2779 489 2862 tralatus,
514 2784 672 2853 inclinato
695 2810 838 2882 corpore
854 2812 966 2858 coram
986 2786 1150 2855 adstantes
1162 2785 1214 2851 his
1226 2782 1335 2849 verbis
1348 2776 1430 2847 allo-

327 2922 418 2971 cutm
436 2924 502 2972 eat:
528 2907 688 2977 Cantetur
711 2910 777 2979 hoc
799 2935 881 3005 epna
903 2937 923 2980 a
948 2912 1060 2992 vobis,
1086 2906 1216 2977 nobiles
1237 2901 1431 2972 adolesceu·
1450 2928 1491 2968 tu

328 3044 391 3107 tes,
417 3030 452 3095 in
477 3031 689 3101 eremitarum
715 3055 892 3114 commeat,
922 3052 956 3105 et
979 3036 1014 3104 iu
1039 3050 1136 3101 eoetu
1161 3054 1275 3126 regum
1300 3027 1432 3120 sapien·

327 3169 410 3231 mm,
440 3153 498 3244 qul
523 3155 588 3247 piis
614 3156 773 3248 operibus
802 3154 955 3235 student,
988 3157 1176 3248 civiumque
1205 3153 1429 3219 honestorum.

327 3271 375 3339 llli
402 3293 512 3344 autem
535 3295 605 3344 arte
629 3280 753 3348 musica
778 3282 911 3373 penitus
937 3278 1075 3358 imbuti,
1101 3277 1229 3346 numeri
1254 3292 1286 3341 et
1310 3269 1428 3338 modu·
1446 3293 1492 3336 tt.

326 3394 454 3466 lationis
478 3400 601 3494 periti,
638 3398 755 3468 lratrea
781 3424 861 3467 voce
889 3422 1010 3464 canora
1040 3394 1208 3491 praediti,
1238 3394 1427 3463 Fidicinutn

326 3519 516 3592 coelestium
542 3525 645 3595 instar
663 3524 816 3602 formosi,
843 3522 962 3588 stamas
976 3522 1123 3614 speciem
1139 3518 1321 3586 reserentes
1333 3514 1427 3606 qumi
1445 3538 1491 3579 aa.

326 3640 408 3711 duae
438 3645 597 3739 imagines
623 3672 662 3714 ex
695 3673 758 3716 uua
787 3669 985 3741 expressae,
1015 3643 1111 3712 sicuti
1144 3643 1222 3709 iussi
1254 3639 1426 3705 lucrante

325 3787 411 3850 rate,
434 3767 599 3839 canebant
623 3794 700 3837 cum
722 3795 849 3839 summa
874 3769 975 3838 animi
997 3769 1189 3850 intentione.
1224 3758 1425 3856 Aliquando,
1443 3767 1490 3835 ιδ.

324 3913 427 3981 quum
454 3894 685 3963 convenissent
716 3896 872 3962 eremitae
900 3890 1169 3986 contemplationi
1195 3885 1337 3963 addicti,
1373 3906 1426 3951 se-

324 4010 478 4082 dentibus
509 4039 617 4113 prope
649 4015 813 4085 adstantes
844 4016 942 4084 ambo
969 4017 1161 4082 cecinerunt
1185 4012 1250 4078 hoc
1282 4031 1424 4077 carmen.

322 4136 448 4203 Omnes
480 4157 589 4207 autem
619 4142 862 4220 anachoretae,
896 4136 1011 4207 oculos
1042 4135 1186 4204 lacrimis
1218 4131 1352 4209 suffusi,
1382 4128 1426 4197 ad
1442 4136 1489 4214 ⁸⁴·

322 4281 482 4328 mmmam
518 4259 770 4330 admirationem
805 4265 916 4355 rapti,
955 4259 1180 4328 acclamarunt
1209 4257 1267 4322 iis:
1312 4249 1424 4344 Euge!

324 4381 457 4472 pulcre,
487 4382 599 4455 hellel
631 4388 731 4457 Laeto
756 4387 865 4455 animo
890 4383 1107 4452 anachoretae
1129 4383 1181 4447 isti
1206 4378 1288 4474 legis
1314 4398 1425 4441 sacrae
1442 4382 1488 4447 15.

322 4503 483 4587 studiari,
513 4505 730 4579 laudaverunt
756 4511 882 4581 Cusum
907 4526 940 4576 et
965 4507 1088 4573 Lrvum
1117 4521 1294 4580 canentes,
1326 4496 1424 4567 laude

322 4624 458 4719 dignos:
483 4628 516 4696 0
535 4652 649 4700 cantus
671 4629 901 4709 dulcedinem,
928 4648 962 4696 at
985 4626 1202 4696 distichorum
1227 4619 1424 4719 praecipue!
1444 4628 1488 4693 ass

323 4750 381 4819 vet
408 4751 460 4829 id.
494 4754 586 4851 quod
612 4756 691 4823 olim
716 4775 842 4849 gestum
869 4776 938 4830 est,
976 4754 1068 4845 quasi
1096 4768 1169 4817 ante
1195 4746 1308 4816 oculos
1334 4746 1425 4839 posi·
