3609 5817
436 715 522 795 200
720 704 810 791 Lm.
844 700 878 790 I.
921 696 1023 791 Car.
1053 695 1243 790 LXVII.

378 922 607 1013 aquimolum
635 919 809 988 exhibebo.
845 919 944 1002 Quod
970 919 997 984 si
1014 918 1129 984 Rauras
1154 915 1232 981 huie
1252 915 1345 980 arcui
1370 909 1541 978 tendendo

435 1047 609 1122 suffecerit,
635 1043 734 1109 liliam
760 1069 866 1109 meam
881 1042 994 1122 Sitaur,
1019 1065 1085 1107 uon
1113 1065 1154 1106 ex
1181 1055 1274 1105 utero
1299 1053 1420 1115 natam,
1445 1034 1542 1128 equi·

435 1168 512 1235 ‹leru
537 1166 772 1234 Dasaratbidae
799 1185 938 1257 nuptum
964 1164 1062 1236 dabo.

821 1733 969 1801 CAPUT
1018 1731 1150 1798 LXVII.

766 1959 915 2046 Ancus
950 1979 1210 2044 urrrnacrus.

399 2324 427 2364 r.
533 2297 644 2361 lauaei
676 2294 825 2359 oratione
870 2286 982 2355 audita
1018 2310 1155 2377 magnus
1196 2305 1284 2353 vates
1312 2283 1544 2363 visvtmiuu,

394 2449 423 2492 a.
434 2419 520 2514 Age!
546 2420 676 2511 iuquit,
702 2441 815 2483 arcum
838 2417 958 2480 Reimea
982 2409 1156 2480 visendum
1182 2409 1313 2476 exhibe.
1368 2410 1461 2476 Tum
1485 2431 1544 2474 rex

433 2547 493 2610 iste
520 2543 738 2610 familiaribus
764 2541 830 2604 suis
852 2539 1041 2631 imperavit:
1068 2533 1260 2602 Advehatur
1281 2557 1376 2600 arcus
1400 2531 1544 2612 divinus,

393 2667 528 2732 &sertis
554 2664 699 2731 odoratis
726 2660 978 2729 condecoratus.
1016 2659 1192 2726 Alanueo
1218 2659 1378 2727 admoniti
1402 2654 1544 2723 familia·

433 2812 486 2852 res
514 2787 633 2851 urbem
659 2788 838 2861 intravere,
865 2800 898 2847 et
923 2806 1001 2847 arcu
1028 2783 1061 2848 in
1087 2782 1196 2850 fronte
1222 2783 1359 2876 agminis
1380 2776 1544 2847 collocato

392 2905 513 2979 binde
538 2909 661 2999 egressi
687 2925 781 2984 suut,
805 2906 901 2971 sicuti
926 2929 984 2970 rex
1009 2907 1158 2975 iusserat.
1202 2903 1448 2996 Quinquaginta
1466 2926 1548 2968 eeu-

432 3033 536 3096 turiae
562 3033 735 3109 iuvenum,
769 3026 832 3094 alta
858 3044 980 3094 statura
1007 3045 1040 3094 et
1064 3030 1186 3096 robore
1208 3027 1407 3119 insignium,
1433 3049 1544 3092 aream

433 3152 561 3219 octonis
587 3151 667 3218 rotis
698 3150 860 3217 suffultam
885 3149 1115 3243 provehebant
1138 3172 1207 3215 uon
1232 3150 1303 3215 sine
1328 3173 1448 3242 magno
1473 3171 1546 3216 mo·

393 3271 555 3340 &limine
606 3276 694 3340 Tum
720 3270 856 3340 advecta
882 3298 959 3340 area
983 3271 1109 3352 ferrea,
1134 3274 1257 3364 inqua
1278 3295 1374 3338 arcus
1398 3296 1546 3339 assem

429 3397 546 3475 batur,
583 3396 724 3463 ministri
757 3398 841 3489 regii
867 3393 910 3462 ad
935 3395 1093 3462 Janacum
1118 3392 1257 3488 Superis
1286 3394 1546 3488 comparabilem

390 3521 605 3596 &convenam
641 3520 749 3600 Eece,
788 3521 898 3598 aiunt,
937 3517 1178 3584 blithilensiurn
1219 3517 1378 3599 domine,
1429 3543 1544 3584 areum

431 3641 747 3731 praestantissimum
769 3641 811 3704 ab
839 3641 993 3706 omuibus
1016 3641 1150 3731 regibus
1173 3642 1390 3722 honoratum,
1427 3639 1473 3707 ad
1499 3645 1546 3707 ri-

392 3759 571 3842 7.sendum
599 3764 828 3853 propositum,
855 3766 882 3828 si
909 3763 969 3830 tihi
993 3763 1113 3856 placet
1152 3766 1304 3848 Quorum
1328 3789 1409 3830 voce
1432 3765 1543 3832 audita

431 3908 489 3948 rex
515 3886 635 3949 iuuetis
667 3887 819 3950 manibus
844 3885 959 3953 allatur
984 3887 1215 3953 Visvrlmitram
1240 3889 1485 3980 magnanimum
1511 3907 1545 3955 et

392 4002 549 4070 &iratres
575 4006 695 4088 ambo,
725 4007 858 4072 balurum
882 4008 1171 4102 Larmanumque:
1223 4011 1327 4076 llicce
1362 4029 1411 4076 est
1446 4037 1544 4078 arem

430 4126 749 4217 praestantissimus,
775 4127 998 4209 Brachmana,
1023 4152 1216 4198 reverenter
1241 4131 1446 4200 alanaeidia
1471 4133 1547 4199 eul-

431 4267 502 4328 tus,
529 4273 631 4339 quem
656 4274 750 4341 reges
776 4252 892 4319 virtute
918 4251 1096 4345 gloriantes
1123 4255 1261 4322 tendere
1279 4277 1358 4323 tunc
1384 4258 1546 4349 temporis

393 4372 521 4438 &baud
548 4376 635 4465 potis
661 4375 772 4458 lucrer
800 4401 863 4443 nee
888 4379 991 4469 magis
1015 4377 1126 4444 soreut
1151 4398 1289 4444 cunetae
1314 4382 1464 4445 Deorum
1490 4405 1547 4446 ea-

433 4511 557 4575 tervae,
584 4517 639 4565 aut
663 4500 799 4564 'l'itanes
826 4497 1042 4588 Gigantesve,
1074 4497 1265 4566 Firlieinuru
1291 4499 1547 4590 Geniornmque

377 4627 422 4668 ¹0·
432 4617 619 4709 principes,
647 4640 701 4686 aut
716 4618 963 4711 llippoeeplrali
986 4622 1163 4713 magnique
1185 4623 1377 4715 Serpentes.
1410 4623 1546 4704 Quanto

432 4738 540 4804 nunus
577 4743 740 4810 sufficiunt
774 4744 946 4811 homiuum
988 4746 1074 4811 vires
1110 4746 1187 4812 huie
1225 4747 1317 4813 arcui
1350 4742 1548 4824 tendendo,
