3609 5817
381 734 437 813 60
703 724 790 813 Lm.
821 724 856 815 l.
893 720 993 818 Car.
1024 723 1175 868 XIV..

325 943 381 1014 ης
478 939 598 1035 Superi
617 965 712 1021 vcro,
738 938 882 1036 legitime
899 945 935 1010 iu
956 942 1097 1012 coneilio
1121 950 1327 1041 congregati,
1353 946 1482 1014 Basca·

324 1081 369 1144 13.
383 1090 500 1135 aaran
533 1063 649 1134 mundi
680 1084 862 1132 creatorem
891 1066 943 1134 his
971 1067 1080 1133 serbis
1108 1066 1367 1162 compellarunt:
1406 1070 1481 1139 ‘ruo

381 1211 518 1255 munere
544 1207 674 1268 auctus,
699 1186 934 1258 oBrachman!
958 1191 1047 1283 gigas
1064 1192 1198 1258 nomine
1216 1193 1378 1275 Ravanas,
1402 1213 1481 1286 prae

381 1312 537 1406 superbia
561 1337 621 1379 nos
647 1336 760 1379 omnes
785 1332 896 1394 vexat,
921 1314 1113 1407 pariterque
1132 1312 1305 1409 Sapientes
1330 1316 1482 1385 matimo-

322 1436 368 1518 ¹4·
380 1436 444 1502 niis
469 1431 657 1530 gaudentes.
688 1436 768 1504 Ate
788 1436 934 1529 propitio
959 1433 1040 1503 olim
1062 1462 1101 1503 ex
1125 1456 1201 1505 roto
1227 1438 1258 1505 ei
1282 1438 1347 1507 hoc
1361 1460 1481 1510 munus

382 1582 576 1626 concessum
600 1559 677 1639 fuit,
703 1578 739 1627 ut
762 1582 805 1624 ne
830 1584 849 1624 a
874 1556 958 1641 diis,
984 1558 1163 1641 Danaidis,
1189 1559 1344 1628 Geniisve
1369 1564 1480 1629 necari

324 1692 369 1758 15.
380 1697 502 1776 posset
549 1680 633 1760 Nos,
660 1680 831 1749 oraculum
856 1698 949 1748 tuum
968 1685 1117 1765 reveriti,
1145 1682 1291 1752 facinora
1311 1685 1382 1753 eius
1399 1707 1480 1779 qua-

380 1800 557 1899 liacunque
588 1804 773 1871 toleramus
821 1805 867 1871 Ar
898 1803 956 1872 ille
985 1808 1152 1899 gigantum
1182 1823 1339 1900 tyrannus
1368 1824 1480 1877 tames

324 1927 523 1999 remundes
546 1929 698 2024 gravibus
718 1928 846 1995 iniuriis
863 1946 966 1994 vexat.
999 1929 1106 2009 Deos,
1131 1926 1320 2021 Sapientes,
1345 1928 1480 2011 Genios,

380 2051 549 2120 Fidicines
568 2052 742 2133 coelestes,
767 2054 920 2135 Titanes,
943 2050 1098 2120 mortales
1122 2048 1285 2145 denique,
1307 2068 1483 2146 exsuperat

324 2172 439 2261 17.ilte
464 2198 560 2267 aegre
587 2172 811 2255 cohibendus,
836 2193 960 2267 tueque
983 2199 1120 2242 munere
1146 2171 1293 2242 demens.
1333 2173 1411 2244 Non
1433 2173 1481 2241 ilri

383 2295 468 2363 calet
490 2294 567 2377 Sol,
602 2320 711 2388 neque
733 2294 860 2365 Ventus
884 2321 965 2390 prae
991 2300 1107 2365 timore
1128 2297 1246 2390 spirat,
1280 2319 1345 2365 nec
1368 2296 1483 2391 flagrat

324 2422 482 2515 18.ignis,
507 2420 565 2487 ubi
586 2418 729 2486 Ravana
754 2436 910 2488 versatur.
960 2417 1035 2511 lpse
1060 2418 1235 2500 Oceanus,
1266 2420 1352 2515 sagis
1374 2420 1481 2488 flucti-

381 2544 443 2611 bus
467 2542 655 2623 redimitus,
681 2544 742 2610 isto
768 2542 837 2610 viso
862 2560 925 2610 stat
948 2544 1118 2628 immotus,
1144 2545 1268 2634 eiectus
1288 2543 1383 2611 suite
1401 2539 1480 2609 sede

324 2682 368 2745 ¹9
382 2691 440 2732 sua
464 2665 637 2745 Caresus,
671 2665 768 2733 huius
793 2665 915 2734 robore
940 2682 1081 2733 rexatus.
1130 2667 1218 2761 Ergo
1243 2669 1360 2759 ingens
1384 2665 1480 2733 nobis

381 2788 567 2881 periculum
599 2790 748 2855 imminet
772 2788 813 2854 ab
838 2788 904 2856 lroc
929 2789 1057 2880 gigante
1080 2790 1150 2856 risu
1180 2788 1356 2871 horribili,
1389 2806 1480 2857 tuum

320 2940 368 2985 ao.
382 2931 447 2993 est,
472 2912 557 2980 alme
576 2909 713 2980 Parcus!
739 2909 895 2979 auxilium
915 2936 1051 3004 parare,
1073 2933 1141 3003 quo
1162 2911 1216 2977 hic
1239 2907 1397 2979 deleatur.
1434 2911 1480 2986 lta

382 3033 567 3104 admonitus
583 3034 639 3101 ills
657 3061 675 3102 a
695 3032 758 3101 ‹liis
778 3035 949 3113 universis,
967 3030 1137 3126 paulisper
1152 3031 1344 3117 meditatus,
1360 3034 1480 3104 Ehem!

382 3161 512 3254 inquit,
544 3159 670 3226 hancce
693 3158 805 3225 iuveni
834 3159 995 3224 rationem
1021 3157 1184 3223 nefarium
1208 3159 1305 3226 istum
1328 3160 1480 3229 necandi.

318 3308 367 3351 ar.
381 3284 524 3353 Petierat
544 3284 607 3349 isa
631 3307 702 3365 me,
727 3299 795 3349 uta
811 3278 1035 3361 Gmdharvis‘,
1059 3308 1078 3347 a
1093 3280 1228 3365 Geniis,
1253 3310 1272 3349 a
1284 3284 1393 3366 Divis,
1415 3287 1488 3354 Da-·

380 3406 489 3475 nuidis
514 3406 775 3501 Gigantibusque
800 3405 913 3471 necari
936 3427 1005 3471 non
1030 3425 1159 3496 posset,
1185 3424 1218 3474 et
1239 3431 1292 3474 me
1317 3426 1480 3478 annuente

318 3551 454 3601 aurato
486 3556 545 3600 suo
577 3534 700 3624 potitus
732 3548 789 3597 est
850 3530 934 3597 Prae
964 3546 1156 3622 contemptu
1186 3552 1264 3597 vero
1298 3549 1481 3599 monstrum

379 3653 465 3723 illud
487 3654 638 3722 homines
670 3677 738 3719 non
771 3654 1061 3720 commemorarit:
1096 3651 1175 3720 ideo
1198 3654 1243 3723 ah
1272 3653 1406 3722 homine
1433 3674 1483 3723 est

380 3772 565 3862 necandus3
591 3775 719 3843 nullum
736 3774 826 3842 aliud
841 3793 944 3842 exstat
956 3773 1013 3841 leti
1025 3800 1139 3869 genus,
1163 3773 1255 3869 qtrod
1270 3778 1301 3843 ei
1318 3778 1360 3844 sit
1376 3776 1483 3846 fatale.

318 3912 367 3977 23.
380 3903 557 3996 Postquam
581 3902 773 3970 audiverant
796 3918 924 3992 gratum
947 3900 1038 3965 hunc
1063 3921 1248 3967 sermonem
1267 3899 1483 3969 &scrutata

381 4050 439 4093 ore
464 4025 645 4120 prolatum,
679 4028 723 4095 nt
750 4050 824 4092 cum
850 4023 936 4090 duee
962 4047 1021 4091 suo
1042 4021 1143 4089 lndra
1167 4046 1377 4116 summopere
1403 4048 1482 4117 gau·

319 4150 438 4234 audio
464 4153 566 4219 erecti
591 4170 674 4217 sant
714 4147 841 4216 Eodem
867 4148 1026 4241 temporis
1050 4166 1216 4215 momento
1237 4146 1381 4217 Vishnus
1398 4148 1483 4214 istuc

382 4276 535 4354 accessit,
561 4272 742 4366 splendore
768 4273 923 4365 insignis,
950 4270 1127 4352 concham,
1153 4271 1281 4337 diaeum
1304 4288 1337 4337 et
1359 4268 1482 4337 clavam

319 4398 531 4468 uirtutibus
554 4415 700 4491 gestans,
727 4420 844 4463 croceo
866 4395 998 4473 vestitu,
1025 4392 1141 4460 mnndi
1165 4392 1337 4475 dominus,
1375 4389 1483 4458 vultu-

380 4521 427 4589 ris
451 4521 592 4588 Vinateii
615 4517 731 4602 dorso,
756 4518 852 4585 sicuti
875 4516 925 4585 sol
950 4519 1064 4585 nimbo
1072 4569 1082 4600 ,
1105 4535 1241 4595 vectus,
1275 4514 1418 4580 armillas
1444 4537 1483 4580 ex

381 4666 460 4711 auro
494 4642 655 4709 candente
680 4665 821 4734 gerens,
856 4639 1009 4707 salutatus
1034 4666 1053 4707 a
1081 4638 1247 4732 Supertim
1271 4636 1484 4729 primoribus.

320 4765 369 4832 26.
382 4769 487 4850 Quem
511 4762 663 4831 laudibus
682 4764 883 4832 celebratum
905 4783 1093 4832 reverenter
1110 4765 1153 4831 nt
1175 4761 1320 4829 universi
1337 4756 1486 4857 compel-
