3609 5817
440 750 526 836 949
779 743 867 833 Ltu.
884 737 946 832 II.
975 735 1078 832 Car.
1108 735 1191 836 lv.

439 988 520 1032 num
544 977 693 1056 optatum
713 959 800 1026 nacti
825 959 946 1040 serent,
969 980 1049 1050 rege
1070 953 1218 1034 salutato,
1239 949 1378 1020 domum
1402 951 1544 1048 quisque

439 1111 529 1154 suam
554 1086 678 1152 reversi
705 1100 799 1165 sunt,
824 1101 856 1150 ct
886 1105 1014 1148 summa
1046 1078 1169 1148 laetitia
1202 1076 1298 1160 elati,
1329 1077 1404 1146 Diis
1434 1075 1544 1144 solcu-

438 1235 496 1277 nes
521 1207 781 1304 supplicationes
805 1207 963 1276 habuere.

876 1777 1025 1846 CAPUT
1047 1777 1103 1844 lv.

507 2006 664 2096 Rarus
693 2030 749 2094 tn
783 2029 985 2092 torenton
1013 2025 1309 2092 suscntunnon
1338 2026 1481 2092 utnuo

838 2195 1139 2262 sourcnarus.

399 2473 423 2517 ι.
536 2441 615 2510 Post
639 2434 780 2506 solutam
803 2438 924 2505 citium
944 2436 1152 2519 concionem,
1176 2461 1236 2504 rex
1250 2459 1355 2530 porro
1382 2459 1460 2504 eum
1483 2439 1545 2506 mi·

437 2563 549 2630 nistris
576 2559 716 2631 consilio
742 2561 876 2642 habito,
903 2557 1116 2625 deliberandi
1138 2583 1259 2652 gnarus
1284 2559 1350 2628 hoc
1375 2559 1545 2628 decretum

394 2710 424 2755 a.
439 2683 561 2752 edidit:
588 2684 670 2751 Cras
691 2682 769 2749 luna
790 2682 998 2750 asterismum
1015 2684 1166 2750 Pusntun
1192 2683 1340 2766 intrabit,
1365 2707 1439 2752 eras
1459 2681 1544 2750 filius

437 2830 530 2872 meus
552 2806 686 2885 Rimas,
712 2801 772 2869 loti
797 2802 875 2870 solia
902 2803 1007 2872 oculis
1029 2805 1199 2887 reserens,
1224 2825 1383 2900 tanquam
1407 2829 1544 2876 consors

394 2935 423 2999 ὅ.
439 2926 572 3020 imperii
598 2951 683 3018 aqua
707 2925 835 2994 lusuali
861 2945 1082 2996 consecrator.
1132 2929 1265 2997 Deinde
1290 2933 1327 2996 in
1351 2927 1472 2998 domus
1492 2953 1545 2996 re-

437 3051 510 3143 giae
536 3048 697 3116 interiora
727 3050 891 3119 secedens
924 3075 987 3118 rex
1017 3054 1214 3122 Dasarathas
1246 3055 1378 3146 aurigae
1409 3049 1546 3138 maudr-

391 3179 421 3260 4.
436 3175 497 3254 uit,
522 3189 559 3238 ut
570 3172 706 3240 Ramam
732 3172 842 3243 denuo
868 3173 971 3242 adse
995 3195 1185 3246 arcesseret.
1215 3177 1408 3246 Sumautras
1432 3199 1546 3270 prom·

434 3316 511 3392 ptus
533 3295 576 3364 ad
602 3299 690 3364 iussa
710 3295 924 3389 capessenda,
949 3298 1106 3364 festinans
1123 3300 1243 3365 Raimae
1267 3295 1407 3368 domum
1432 3295 1544 3366 denuo

391 3421 420 3487 5.
438 3420 535 3502 adiit,
569 3417 649 3487 inde
684 3445 758 3486 eum
789 3444 903 3487 seeum
937 3418 1150 3488 adducturus.
1213 3421 1316 3488 Cuius
1342 3419 1545 3490 adventura

434 3561 551 3638 portae
579 3542 771 3611 custodibus
804 3545 927 3612 Rimas
956 3545 1125 3610 nuntiatus
1159 3562 1224 3624 cst,
1252 3559 1286 3610 et
1312 3569 1351 3612 rc
1376 3561 1546 3639 comperta

389 3664 419 3729 6·
435 3668 545 3736 eidem
567 3665 730 3734 dubitatio
754 3670 886 3736 iniecta.
929 3669 1044 3762 ltaque
1066 3667 1219 3738 celeriter
1233 3669 1321 3736 intro
1346 3667 1391 3735 ad
1415 3693 1452 3736 se
1468 3691 1546 3762 per·

436 3789 574 3858 ductum
598 3787 692 3856 hisce
717 3787 848 3856 afflatur:
873 3787 964 3872 Quid
989 3791 1032 3858 sit
1051 3791 1187 3883 negotii,
1214 3815 1275 3857 eur
1297 3807 1332 3856 tu
1344 3789 1450 3858 altera
1471 3791 1543 3858 rice

391 3929 419 3992 7·
434 3937 488 3979 mc
515 3911 729 3991 conveneris,
754 3908 792 3975 id
816 3910 898 3976 mihi
921 3926 1072 3976 accurate
1100 3909 1242 3978 declara.
1292 3911 1382 3980 Huic
1406 3935 1547 4006 respon·

435 4036 486 4104 dit
509 4037 636 4126 auriga:
671 4036 743 4102 Rex
772 4052 803 4102 te
837 4033 928 4128 apud
954 4060 991 4102 se
1021 4036 1130 4104 risere
1169 4038 1271 4131 cupit.
1328 4036 1378 4102 Re
1402 4035 1548 4130 cognitu,

436 4184 539 4254 penes
564 4177 598 4226 tc
623 4157 797 4224 arbitrium
825 4175 907 4236 esto,
933 4175 1044 4224 utrum
1070 4183 1148 4226 eum
1172 4157 1265 4224 adire
1289 4157 1382 4238 reiis,
1406 4181 1471 4224 nec
1494 4177 1549 4222 ne.

391 4281 420 4346 8·
436 4287 579 4379 Aurigae
607 4306 763 4350 sermone
800 4279 914 4348 audito
936 4281 1052 4348 Rimas
1075 4271 1162 4351 uitro
1193 4281 1352 4350 festinans
1373 4279 1418 4348 ad
1442 4275 1550 4344 aulam

436 4407 584 4502 regalem
606 4406 778 4500 profectus
805 4424 863 4486 est,
890 4422 927 4471 ut
947 4431 1060 4498 regem
1088 4405 1200 4475 denuo
1224 4409 1391 4474 inviseret.
1425 4407 1548 4492 Quam·

394 4531 583 4620 9.primum
614 4531 811 4598 Dasaratitas
839 4547 1052 4622 compererat
1084 4532 1219 4598 Rimanr
1250 4529 1444 4610 advenisse,
1474 4551 1551 4596 eum

438 4652 606 4720 introduci
647 4655 759 4735 iussit,
790 4656 937 4720 animum
967 4655 1226 4720 amantissimum
1267 4655 1456 4746 significare
1492 4677 1551 4720 cu·

380 4797 424 4840 ro.
437 4775 547 4870 piens.
582 4776 721 4845 Faustus
747 4776 934 4870 Ragiruides
960 4779 1081 4845 intrato
1099 4779 1203 4870 patris
1229 4775 1397 4858 cubietdo,
1423 4777 1550 4846 eminus
