3609 5817
437 768 517 852 tto
769 756 857 846 Ln.
889 752 924 843 1.
962 750 1063 847 Car.
1096 752 1211 843 XLl.

852 1155 1001 1226 CAPUT
1043 1153 1127 1222 XLI.

762 1344 909 1440 Ciani
944 1368 1211 1438 consaucrus.

391 1659 418 1702 ι.
503 1634 545 1699 At
564 1630 712 1699 oratione
732 1627 872 1697 deorum
892 1625 1004 1697 audita
1018 1625 1124 1694 almus
1142 1650 1253 1691 rerum
1270 1626 1393 1694 Pareus
1410 1643 1542 1720 perter-

389 1780 417 1819 π.
431 1757 510 1843 ritos
525 1753 649 1847 fatique
666 1757 695 1821 ri
717 1752 926 1821 ineluctabili
944 1771 1090 1820 amentes
1110 1768 1223 1815 eontra
1241 1748 1429 1817 admonuit:
1455 1749 1540 1816 Prn-

429 1880 512 1948 dens
536 1877 728 1947 Visuddvns
755 1876 803 1962 ¹),
838 1875 983 1945 Madhtis
1010 1873 1222 1954 interfector,
1256 1874 1309 1939 eni
1335 1870 1538 1966 amplissima

471 2138 504 2214 t)
529 2136 565 2197 V
560 2136 688 2199 ostede‘va
703 2144 749 2198 est
767 2132 961 2196 notissimum
971 2132 1118 2195 Crishnae
1132 2151 1320 2217 cognomen,
1341 2131 1427 2194 cuius
1444 2140 1538 2216 pater

549 2237 703 2312 mortalis,
726 2234 834 2297 itidem
854 2233 1033 2310 Vastutaa,
1056 2232 1110 2295 sed
1130 2234 1233 2315 prima
1255 2231 1356 2294 vocali
1375 2232 1467 2293 brevi
1487 2231 1537 2294 di.

549 2346 635 2413 etus,
657 2332 929 2397 Anacaduadubti
948 2332 1027 2394 filius
1049 2332 1138 2393 fuisse
1159 2332 1306 2393 traditur.
1342 2332 1403 2392 Aa.
1420 2331 1537 2394 Coed-

548 2435 616 2498 cot
638 2457 668 2519 p.
689 2429 726 2513 4,
746 2435 780 2496 sl.
800 2432 847 2495 tt.
888 2434 1042 2496 Nimirum
1070 2432 1280 2515 productione
1299 2433 1420 2514 primae
1439 2432 1536 2516 sylla.

548 2537 608 2599 hae
632 2535 849 2619 patronymica
874 2533 1005 2594 formari
1025 2533 1134 2594 solent.
1177 2532 1222 2594 Aa
1241 2533 1272 2593 in
1295 2541 1363 2594 tota
1382 2530 1538 2594 Rimeide

549 2657 701 2718 nusquam
731 2635 819 2712 alias,
850 2630 938 2716 quod
965 2632 1075 2710 seiam,
1104 2630 1253 2693 Crishnae
1280 2630 1395 2693 mentio
1423 2629 1536 2692 iniecta

548 2742 612 2811 est,
645 2755 702 2796 nee
733 2732 869 2816 legitime
898 2730 984 2792 iniiei
1004 2740 1139 2813 poterat
1180 2729 1304 2792 Etenim
1324 2737 1467 2791 constans
1488 2737 1537 2791 est

548 2830 697 2908 traditio,
728 2830 890 2893 Crishnam
910 2829 1014 2891 multis
1035 2830 1161 2892 demum
1184 2829 1291 2891 seculis
1312 2839 1383 2912 post
1404 2830 1535 2891 Rhmam

547 2937 706 3005 nostrum,
729 2931 783 3013 qui
802 2928 914 2991 ordine
934 2929 1084 2991 secundus
1105 2939 1168 3007 est,
1196 2929 1280 2990 inter
1298 2927 1438 2990 homiues
1457 2950 1533 2990 ver.

547 3038 647 3090 satum
666 3029 767 3095 fuisse.
808 3029 900 3092 Nullo
922 3039 1026 3091 autem
1051 3029 1120 3090 loeo
1141 3030 1236 3112 magis
1258 3029 1427 3112 iuoougrua
1447 3028 1534 3091 foret

545 3125 693 3189 Crishnae
714 3127 851 3205 mentio,
880 3149 973 3211 quam
995 3129 1026 3189 in
1048 3127 1108 3190 hoo
1135 3148 1296 3207 sermone,
1323 3148 1416 3211 quem
1434 3137 1533 3211 poeta

544 3227 661 3309 Sagara
687 3227 853 3308 superstite
870 3226 1095 3290 Brachmanem
1124 3228 1289 3310 protulisse
1315 3235 1444 3307 narrat3
1475 3229 1530 3312 qui

543 3325 669 3408 quidem
690 3325 824 3408 Sugarus
847 3325 931 3388 inter
950 3328 1067 3389 Bimae
1089 3347 1224 3410 proavos
1245 3327 1405 3411 vigesimus
1426 3351 1445 3389 a
1462 3329 1531 3390 Da.

540 3423 664 3486 saratha
687 3433 879 3488 numeratur.
913 3427 959 3489 Cf.
979 3426 1013 3488 L.
1032 3430 1063 3505 1,
1087 3428 1159 3490 Car.
1180 3429 1278 3495 Lxx.
1308 3429 1390 3490 Saue
1410 3428 1441 3489 in
1460 3449 1532 3513 my·

541 3522 704 3605 tholegieis
720 3533 900 3606 temporum
914 3527 1107 3607 computatio
1128 3548 1190 3587 non
1211 3526 1299 3589 nimis
1316 3536 1362 3589 est
1379 3526 1533 3611 urgenda.

543 3620 714 3682 {historicus
728 3623 926 3685 Casmi'rensis
950 3635 1039 3687 notat
1057 3626 1273 3690 dissensionem
1289 3626 1329 3689 de
1343 3627 1424 3689 heho
1445 3628 1532 3690 iuter

542 3720 717 3782 l‘dttduidas
745 3731 776 3783 et
805 3722 959 3785 Curuidas
984 3735 1094 3809 gesto,
1128 3727 1299 3790 Bliarateae
1326 3739 1530 3811 argumento,

541 3819 625 3901 quod
649 3820 792 3882 nonnulii
822 3833 964 3885 auctores
992 3825 1032 3887 ad
1063 3829 1174 3888 tertiae
1202 3827 1310 3890 aetatis
1340 3821 1531 3913 (decipera-

530 3925 640 3999 yuga)
663 3919 756 3982 finem
777 3923 997 4002 retrahebant,
1020 3927 1083 4008 ipse
1105 3928 1223 3989 cautius
1238 3927 1340 3991 medio
1357 3929 1460 3990 seculo
1477 3951 1530 3992 se-

540 4018 640 4099 ptimo
659 4028 732 4100 post
753 4021 875 4082 initium
896 4034 1027 4106 quartae
1052 4028 1160 4088 aetatis
1181 4028 1405 4109 (cali-Juga)
1422 4030 1529 4111 ponit.

539 4121 592 4178 As.
609 4119 681 4179 Rrs.
703 4118 784 4182 Vos.
803 4122 874 4199 XV,
898 4144 933 4205 p.
946 4122 996 4186 97.
1039 4128 1186 4189 Attamen
1208 4138 1355 4209 apparet,
1376 4128 1530 4194 Crishune

535 4218 650 4277 sumam
670 4219 769 4281 multo
790 4221 887 4283 aerius
910 4246 1003 4307 quam
1017 4226 1132 4287 Raimae
1153 4248 1211 4309 per
1232 4226 1350 4290 indiam
1371 4227 1528 4289 celebrari

536 4327 680 4398 coeptam
699 4318 799 4381 fuisse.
842 4320 968 4384 Exstitit
989 4323 1134 4386 Crishnas
1157 4324 1386 4409 quodammodo
1407 4326 1528 4390 Bimae

535 4417 682 4495 aemulus,
701 4419 818 4501 quippe
830 4421 916 4482 cuius
931 4424 1066 4484 cultores
1081 4424 1163 4485 hunc
1177 4426 1376 4487 vetustiorem
1393 4424 1526 4489 heroem

534 4514 720 4598 participem
752 4519 880 4601 quidem
910 4522 1032 4583 divinae
1059 4534 1190 4587 naturae
1213 4524 1302 4586 fuisse
1324 4524 1526 4604 fatebuntur,

537 4615 567 4674 in
590 4615 677 4676 ilium
700 4627 804 4680 autem
826 4620 983 4703 integrum
1008 4643 1119 4685 numen
1142 4626 1295 4688 transiisse
1315 4624 1524 4690 affirmabant.

534 4712 610 4773 Mihi
629 4717 752 4778 Rhme‘is
773 4720 902 4781 maxima
925 4744 959 4783 ex
981 4734 1072 4805 parte
1094 4734 1166 4786 ante
1186 4725 1385 4802 Bharateam,
1408 4726 1438 4786 in
1459 4749 1525 4808 qua

534 4810 680 4876 cristina
695 4826 801 4898 partes
816 4821 981 4902 primarias
998 4823 1080 4907 agit,
1103 4824 1275 4909 composita
1293 4825 1427 4891 videtur.
1460 4827 1525 4890 Sed
