3609 5817
378 761 464 842 tts
709 754 796 842 Lut.
828 752 887 842 11.
919 749 1022 843 Car.
1047 750 1152 842 XII.

318 971 364 1048 54.
378 969 508 1038 infausti
532 969 650 1037 ominis
676 967 778 1035 instar·
806 965 1042 1036 animadverto.
1097 964 1198 1035 Unde
1223 963 1361 1035 taudem
1386 969 1483 1034 tirnor

379 1095 439 1158 tibi
462 1111 512 1160 est
536 1094 687 1173 iniectus,
712 1088 804 1184 quod
834 1109 870 1158 tu
895 1087 1059 1157 eiusmodi
1089 1113 1228 1170 munus,
1250 1089 1425 1158 Bharetatn
1447 1091 1483 1158 in

377 1215 519 1308 imperio
545 1213 736 1294 sedentem,
761 1213 896 1280 Rdmam
919 1214 955 1279 in
980 1211 1069 1279 silvis
1095 1211 1309 1294 exsulantem,
1333 1211 1483 1307 expetis?

317 1343 365 1404 55.
378 1342 507 1408 Desiste
532 1341 573 1407 ab
600 1340 661 1406 isto
686 1339 859 1432 proposito
885 1357 987 1432 atque
1016 1338 1059 1404 ab
1083 1340 1145 1406 ista
1167 1336 1324 1432 perfidia,
1349 1336 1378 1405 ri
1403 1361 1483 1406 eon·

377 1465 444 1556 iugi
472 1481 527 1529 tuo
553 1479 678 1556 gratum
705 1462 816 1528 saecre
843 1463 901 1544 vis,
931 1461 1136 1555 civibusque,
1159 1462 1292 1556 ipsique
1315 1461 1483 1531 Bltaratae.

317 1581 409 1654 5ss.0
427 1586 585 1666 crudelis,
610 1584 748 1651 scelesta
765 1585 901 1652 consilia
915 1585 1050 1679 agitans,
1070 1582 1154 1667 vilis,
1180 1583 1223 1651 ad
1246 1583 1342 1654 nefas
1368 1611 1483 1680 protn-

378 1709 453 1805 pta!
487 1709 612 1804 ecquid
636 1708 759 1775 malum
784 1709 982 1774 irriuriumve
1015 1708 1052 1773 in
1075 1731 1132 1775 me
1156 1708 1325 1804 Rdmrque
1350 1709 1482 1778 cernis?

317 1836 366 1921 57.
378 1831 479 1901 Nullo
506 1831 606 1900 modo
632 1831 754 1898 adduci
787 1833 911 1928 poterit
935 1831 1107 1913 Blraratas,
1132 1849 1169 1899 ut
1199 1831 1272 1898 sine
1298 1831 1402 1900 ntus
1423 1831 1483 1902 inr-

379 1957 511 2051 perium
536 1973 703 2048 capessat:
730 1953 896 2050 siquidem
920 1952 975 2023 vel
999 1955 1102 2022 Raima
1125 1954 1413 2022 observantiorcm
1433 1955 1482 2022 iu·

318 2082 486 2148 58.stitiae
520 2102 596 2144 eum
630 2103 702 2145 csse
729 2079 882 2147 arbitror.
944 2075 1121 2163 Quomodo
1158 2076 1333 2171 adspicere
1363 2094 1483 2172 potero

379 2207 499 2272 Rornae
524 2203 559 2267 in
582 2201 672 2269 silvis
700 2201 850 2269 exsulare
881 2203 962 2268 iussi
995 2200 1123 2268 vultum
1147 2199 1361 2284 decolorem,
1390 2201 1485 2270 sicuti

318 2325 368 2409 59.
380 2328 507 2393 Lunam
530 2323 664 2392 delectu
689 2326 921 2395 obscuratam?
974 2325 1048 2395 Hoc
1078 2349 1159 2394 vero
1191 2327 1288 2420 pium
1313 2323 1485 2394 consilium

379 2473 507 2529 mcum,
541 2473 619 2517 cum
646 2446 863 2516 familiaribus
892 2446 1002 2543 probe
1031 2446 1276 2530 deliberatum,
1316 2445 1485 2542 quomodo

380 2571 554 2666 adspicere
579 2588 697 2664 potero
725 2593 893 2652 eversum,
925 2588 1083 2665 tanquam
1108 2572 1290 2637 exereitum
1314 2571 1358 2638 ab
1384 2569 1486 2638 hosti·

317 2694 701 2789 60.1›usprossiguumt
758 2692 848 2776 Quid
882 2693 926 2760 de
950 2719 1004 2762 me
1038 2693 1155 2764 dicent
1174 2719 1281 2786 reges,
1306 2695 1368 2788 qui
1391 2720 1412 2761 ι
1434 2691 1484 2762 di-

381 2819 483 2884 versis
504 2813 622 2880 mundi
653 2815 759 2908 plagis
784 2818 851 2882 hue
876 2821 1087 2886 convenere?
1145 2819 1274 2888 Nonne
1297 2817 1377 2888 boc:
1404 2819 1487 2888 »lte-

383 2938 580 3030 ”pucrasciu
604 2935 688 3004 heu!
738 2938 930 3007 lxvdetrides
955 2940 1027 3020 iste,
1048 2941 1147 3009 nimis
1172 2939 1231 3008 diu
1254 2966 1359 3038 regno
1383 2941 1487 3010 adrni-

319 3056 370 3125 61.
385 3063 571 3129 »uisuntur
607 3058 748 3145 Quando
772 3060 868 3130 multi
891 3088 987 3130 senes
1011 3067 1128 3147 sancti,
1148 3063 1355 3134 voluminum
1379 3089 1489 3136 mero-

384 3210 459 3251 rum
480 3186 602 3279 periti,
640 3185 685 3252 de
717 3185 932 3254 Cacutsthide
961 3211 1015 3253 me
1045 3188 1374 3280 percunctabantur,
1407 3187 1488 3284 qnid

319 3309 464 3378 (imtunc
495 3309 731 3404 respondebo?
788 3313 994 3405 ”Eragitatus
1028 3337 1047 3378 3
1076 3311 1247 3380 CacceYde
1282 3315 1419 3382 Rimnm
1453 3311 1487 3380 in

384 3434 554 3501 ”exsilium
578 3437 659 3528 egiu
685 3471 732 3485 ·-·
765 3435 864 3521 Quod
891 3437 919 3504 si
944 3437 1010 3503 hoc
1041 3461 1158 3503 verum
1183 3435 1320 3518 dixero,
1351 3460 1393 3506 eo
1417 3437 1489 3530 ipsu

319 3555 457 3654 libsalsi
482 3582 611 3647 arguur.
663 3556 753 3642 Quid
778 3558 859 3626 mihi
884 3559 976 3628 dicet
992 3559 1153 3641 Consulis,
1173 3557 1347 3652 Raghnide
1372 3561 1409 3626 itr
1432 3557 1488 3628 eil·

385 3705 440 3746 vas
463 3677 637 3772 prolecto?
673 3697 706 3746 ct
740 3679 823 3773 quid
855 3681 886 3747 ci
911 3678 1125 3774 respondebo
1158 3699 1235 3774 post
1258 3698 1382 3749 tantam
1403 3681 1487 3748 iniu-

320 3799 371 3880 64.
385 3805 469 3868 riam
496 3802 638 3870 factam?
687 3803 804 3898 Usque
830 3828 964 3899 quaque
989 3802 1149 3885 Cansolia,
1176 3830 1239 3874 ceu
1262 3803 1405 3888 ancille,
1426 3829 1489 3874 ceu

385 3925 508 4007 amica,
542 3951 603 3992 ceu
634 3927 755 3992 coniux
763 3977 774 4007 ,
809 3950 871 3994 ceu
897 3953 1073 4022 germana,
1107 3952 1169 3996 ceu
1190 3945 1298 3995 mater
1319 3951 1375 3994 me
1400 3925 1488 3996 colit.

320 4039 372 4106 65.
386 4046 475 4113 llaec
499 4064 606 4114 tamen
633 4049 763 4140 regina,
788 4073 925 4141 semper
949 4050 1032 4115 mihi
1057 4049 1233 4144 gratificari
1256 4046 1406 4134 studens,
1430 4049 1488 4118 filii

385 4195 508 4251 amans,
532 4168 771 4264 blandiloqua,
796 4173 831 4237 in
856 4173 903 4239 tui
938 4173 1075 4266 gratiam
1097 4172 1180 4240 mihi
1200 4195 1271 4240 non
1296 4197 1336 4242 eo
1361 4173 1490 4242 honere

321 4281 496 4358 (ibltalriu
526 4291 602 4371 luit,
635 4317 702 4386 quo
734 4292 833 4388 digna
858 4313 917 4361 est.
980 4295 1052 4361 lam
1082 4319 1165 4362 vcro
1193 4295 1261 4363 hoc
1292 4321 1349 4365 me
1381 4297 1490 4388 angit,

387 4415 550 4508 quiequid
576 4414 712 4484 horroris
738 4419 772 4485 iu
799 4437 829 4485 te
856 4417 1002 4501 contuli,
1027 4419 1124 4487 sicuti
1149 4420 1243 4487 cibus
1266 4419 1385 4487 noxius
1411 4442 1492 4488 con-

322 4519 542 4608 ⁶7·dimentis
575 4561 746 4635 saporatus
776 4568 931 4634 acgrtrur,
955 4545 1011 4636 qui
1039 4544 1070 4608 ei
1095 4542 1241 4610 indulsit.
1289 4539 1492 4637 Adspiciens

387 4662 620 4730 contumeliam
645 4665 764 4732 liriruae
801 4663 940 4746 illatam,
977 4667 1114 4760 eiusque
1145 4665 1432 4759 propulsationem
1458 4668 1493 4734 in

386 4776 491 4860 silvas,
519 4783 662 4856 Sumitro
687 4791 802 4858 tcrritu
827 4789 997 4886 quomodo
1024 4791 1058 4856 iu
1083 4807 1255 4886 posterum
1280 4789 1363 4860 tuilu’
1388 4791 1494 4862 conii·
