3609 5817
656 714 746 804 Lus.
779 711 839 804 ΙΙ.
869 707 971 807 Cur.
999 711 1130 809 Vlll.
1350 725 1436 810 957

338 932 449 986 rantur
472 922 634 1000 nonnulla,
657 944 737 1008 qnae
768 924 798 985 in
829 934 954 987 noctem
985 924 1120 988 medium
1139 927 1223 990 iuter
1245 927 1346 1006 diem,
1375 950 1439 1016 quo

336 1029 496 1112 cooptatio
519 1030 643 1112 publice
662 1029 816 1094 declarata
829 1031 941 1112 luerat,
970 1030 1114 1118 diemque
1134 1035 1309 1117 proximum
1331 1057 1442 1101 conse·

334 1136 468 1198 crationi
498 1136 681 1199 ‹lostinatum
712 1137 870 1214 incidunt,
897 1138 945 1201 vel
971 1139 1122 1222 postridie
1143 1141 1267 1203 demum
1289 1152 1360 1205 orto
1382 1142 1444 1204 iam

338 1244 476 1305 diluculo
496 1254 659 1327 geruntur.
682 1244 970 1308 Pernoctatltdmas
992 1247 1021 1309 iu
1041 1256 1127 1311 casto
1145 1249 1259 1311 ieiunio
1280 1271 1351 1311 eum
1366 1248 1442 1325 Sita,

336 1353 435 1434 surgit
463 1361 534 1414 unte
565 1353 669 1432 «bein,
704 1353 844 1436 fungitur
872 1355 1072 1437 religionibus
1100 1356 1272 1434 matutinis,
1293 1356 1443 1419 salutatur

338 1482 428 1522 more
448 1460 564 1522 solenni
583 1483 600 1520 a
620 1461 838 1543 praeconibus.
859 1462 1060 1547 colloquium
1070 1464 1252 1526 Mantharae
1274 1483 1350 1527 vero
1372 1485 1443 1525 cum

339 1568 451 1628 lttmae
475 1568 596 1629 nutrica
626 1566 760 1628 babetur
786 1588 850 1628 non
871 1570 971 1630 multo
993 1577 1065 1651 post
1092 1572 1277 1633 concionem
1296 1566 1441 1630 solutam.

338 1672 408 1734 Adit
422 1675 583 1735 confestim
593 1672 755 1735 bluutbara
768 1673 923 1735 dominam
942 1676 974 1737 in
992 1673 1107 1738 lectulo
1121 1676 1296 1753 cubantem,
1316 1683 1349 1739 et
1359 1674 1443 1739 boris

338 1781 556 1860 pomeridianis
590 1781 725 1844 eiusdem
755 1780 816 1844 diei
836 1802 944 1846 somno
967 1783 1185 1868 indulgentem.
1226 1784 1364 1860 caenon,
1385 1807 1443 1846 an.

335 1885 424 1947 sillae
451 1889 560 1950 lurore
587 1887 626 1949 ad
648 1909 745 1969 prava
771 1885 897 1950 consilia
920 1888 1079 1973 instigata,
1110 1888 1184 1952 dum
1206 1887 1442 1973 advesperascit,

334 1992 495 2053 windam
522 1991 691 2075 effusionis
721 1992 826 2059 intrat.
868 1992 914 2056 lbt
936 1994 1138 2072 Dasarathas,
1163 1994 1287 2058 dimisso
1317 1994 1444 2057 tandem

336 2109 404 2183 post
431 2099 613 2162 Vasisbtbue
650 2100 785 2162 reditum
814 2101 948 2163 coneilio
985 2101 1204 2176 familiarium,
1233 2122 1302 2163 mm
1329 2099 1441 2162 invisit.

335 2207 535 2268 Consumitur
554 2205 666 2268 deinde
686 2215 753 2268 tota
776 2227 833 2268 nos
861 2207 892 2268 in
916 2206 1012 2269 irritis
1036 2207 1116 2291 regis
1133 2206 1297 2271 conatibus
1316 2227 1442 2269 nantem

334 2334 352 2374 a
374 2315 524 2374 scelerato
546 2312 706 2395 proposito
720 2311 889 2386 avertendi,
912 2311 1011 2376 donee
1023 2320 1151 2397 postero
1163 2335 1255 2377 mane
1266 2313 1442 2377 Vssisbtbus

331 2421 528 2481 Sumuntram
548 2418 588 2479 ad
612 2441 714 2501 regem
734 2421 766 2482 in
788 2419 996 2502 penetralibus
1016 2419 1219 2502 regiaeuimis
1240 2419 1294 2482 diu
1314 2439 1440 2483 moran·

332 2540 394 2591 tem
416 2530 500 2590 intro
522 2528 626 2593 mittit.
670 2531 777 2612 ltaque
793 2549 854 2587 uon
875 2526 971 2589 modo
993 2526 1069 2589 nibil
1090 2528 1249 2590 turbatum
1271 2535 1317 2590 est
1336 2527 1368 2590 iu
1389 2549 1440 2590 re·

334 2636 521 2713 summme,
549 2634 602 2698 sed
631 2634 772 2699 mirabile
805 2642 916 2717 poetae
943 2633 1113 2696 artificium
1142 2632 1387 2718 deprehenditur
1407 2636 1439 2695 in

333 2742 507 2807 ordinanda
540 2745 737 2824 narratione,
760 2742 864 2828 quod,
891 2740 1061 2827 praemissis
1083 2763 1285 2828 quaecunque
1305 2741 1439 2805 certissi-

332 2874 412 2911 nram
434 2852 693 2934 exspectationem
715 2851 809 2914 l'elicis
829 2858 957 2912 eventus
979 2871 1107 2916 movere
1128 2857 1294 2934 poterant,
1315 2849 1346 2910 in
1367 2846 1440 2911 ulti-

329 2983 412 3020 mnm
435 2960 536 3021 locum
556 2961 674 3022 distulit
693 2962 916 3045 expositionem
938 2960 1036 3023 fatalis
1058 2958 1279 3045 impedimenti,
1301 2978 1365 3043 quo
1385 2975 1438 3019 su·

331 3069 399 3134 bito
420 3078 530 3131 cuncta
553 3076 747 3137 evertuntur.

747 3720 896 3794 CAPUT
921 3719 1010 3789 vtn.

654 3983 928 4077 Manmsnie
954 4005 1103 4074 sunno.

422 4254 595 4322 blentbars
631 4275 710 4323 vero
753 4250 907 4320 dominae
940 4271 1143 4318 succensens
1181 4239 1304 4312 monile
1338 4235 1428 4310 istud
1443 4261 1469 4310 s.

325 4381 481 4473 proiecit,
514 4398 580 4444 mm
607 4380 655 4445 ira
688 4402 726 4445 ac
757 4374 876 4446 dolore
909 4391 1072 4442 commota
1107 4369 1204 4438 talem
1239 4389 1427 4436 sermonem

325 4502 477 4595 prinnlit:
505 4503 574 4568 Cur
600 4517 664 4565 tam
690 4495 798 4566 alieno
815 4515 977 4590 tempore,
1002 4492 1160 4570 «leniens,
1186 4490 1342 4561 laetitiam
1366 4489 1469 4558 tibin.

322 4627 469 4693 timisti?
529 4626 566 4691 ln
597 4618 711 4688 medio
743 4643 895 4686 curarum
927 4614 1045 4710 pelago
1088 4629 1289 4682 aestuantem
1321 4629 1427 4682 temet

324 4752 394 4842 ipsa
427 4775 493 4817 tion
527 4745 704 4841 intelligis?
768 4741 858 4810 Intus
896 4744 931 4808 in
965 4737 1067 4809 corde
1097 4757 1130 4806 te
1164 4735 1321 4820 derideo,
1361 4735 1466 4808 ‹lo-3.

1195 4865 1240 4936 17
