3609 5817
642 725 803 817 Rsuar
835 750 1090 821 ancrssnus.
1341 734 1428 822 287

326 949 431 1015 visuri
457 944 596 1024 adstant,
620 969 683 1011 una
711 969 787 1011 cum
810 944 944 1036 regibus
961 945 1160 1039 peregrinis.
1213 944 1353 1013 llortare
1377 962 1492 1039 tre-40,

325 1094 405 1162 gem
430 1066 472 1135 ad
498 1064 739 1145 festinandum,
761 1085 798 1133 ut
821 1067 1018 1157 praestituto
1045 1066 1102 1133 dic
1128 1069 1193 1135 'sam
1219 1084 1311 1150 orto,
1337 1087 1372 1135 et
1396 1071 1431 1135 in

326 1194 417 1260 coitu
450 1190 568 1258 sideris
601 1189 718 1277 ,Puslaii
755 1188 870 1255 Rdmas
905 1213 1045 1280 regnum
1087 1187 1299 1282 adipIscutur.
1355 1192 1492 1278 Talitlt.

326 1314 425 1382 liuius
447 1314 645 1405 magnanimi
671 1336 823 1378 sermone
846 1310 971 1392 audito,
1008 1312 1136 1405 auriga,
1160 1310 1314 1383 laudibus
1340 1314 1433 1384 ccle-

324 1438 481 1505 braturus
503 1462 621 1531 regem
647 1438 926 1531 potentissimum,
947 1437 1080 1503 intravit
1096 1438 1288 1531 penetralia.
1323 1442 1431 1527 Quem
1442 1446 1493 1524 4²·

328 1559 457 1627 dudum
475 1563 653 1654 cognitum,
676 1557 907 1653 grandaevum,
933 1559 1090 1626 ianitores
1116 1559 1187 1650 regi
1207 1560 1341 1652 probati
1366 1586 1436 1630 nou

327 1703 485 1777 poteraut
509 1685 551 1750 ab
575 1681 667 1749 aditu
698 1706 825 1762 arcere,
850 1681 922 1776 regi
955 1699 1084 1774 gratum
1109 1680 1222 1749 lacere
1249 1684 1435 1775 cupientes.

327 1806 359 1872 Is
385 1832 495 1900 prope
520 1802 694 1888 adsistens,
719 1823 756 1873 ιιι
781 1807 839 1899 qui
860 1803 1012 1872 nondum
1026 1825 1241 1900 compererat
1258 1808 1353 1875 istam
1378 1812 1494 1892 τις-43.

326 1931 376 2023 gis
405 1929 643 2010 conditionem,
668 1931 807 1996 vocibus
832 1928 1069 2022 placidissimis
1090 1930 1310 2021 praeconium
1335 1955 1435 2022 pera-

326 2080 408 2145 gere
441 2054 568 2146 coepit:
606 2051 710 2119 Sicuti
745 2054 925 2122 immensus
959 2052 1115 2119 Oceanus
1149 2051 1289 2121 exsultat
1312 2053 1433 2122 sideris
1445 2059 1495 2141 44.

327 2176 523 2244 lucidissimi
538 2193 624 2255 ortu,
649 2174 799 2243 similiter
823 2195 868 2255 tu,
892 2173 1057 2266 placidus,
1082 2173 1215 2269 placida
1239 2194 1349 2244 meute
1375 2200 1435 2244 nos

327 2301 485 2367 exhilaro.
544 2301 615 2365 Hac
642 2296 760 2364 cadem
786 2299 867 2365 hora
889 2296 1030 2366 oltulea
1068 2295 1147 2365 olim
1169 2296 1304 2366 lndram
1328 2297 1496 2389 leudi-45,

324 2427 390 2492 bus
417 2420 614 2489 celebravit:
652 2421 776 2487 istum
808 2422 887 2487 vicit
922 2438 1058 2495 cunctos
1082 2419 1265 2509 Danuidas3
1288 2419 1435 2514 perinde

325 2571 391 2638 ego
419 2564 451 2609 te
476 2543 654 2611 consaluto.
706 2542 810 2611 Sicuti
836 2545 932 2611 Libri
958 2545 1055 2624 sacri,
1086 2568 1162 2611 cum
1188 2546 1344 2612 comitatu
1365 2557 1497 2639 suo,46‚

326 2671 561 2761 scientiaeque
584 2667 755 2736 dominum
778 2693 874 2734 suum
898 2666 1082 2761 spiritalem
1102 2672 1334 2736 Bnacnutnsu
1356 2690 1437 2734 con·

327 2791 488 2873 salutant,
513 2790 659 2884 perinde
696 2815 757 2883 ego
782 2810 814 2859 te
841 2790 1022 2859 consaluto.
1082 2792 1187 2860 Sicuti
1213 2787 1272 2859 Sol
1296 2791 1498 2890 eonion-47,

329 2918 408 2983 etim
433 2942 508 2983 cum
528 2917 623 2983 Luno
648 2913 768 2981 ulmam
793 2912 971 2982 Tellurem
1008 2915 1203 2982 omniscium
1227 2911 1329 2980 hodie
1355 2937 1437 2981 uon·

329 3036 464 3116 salutat,
490 3036 632 3129 perinde
660 3059 721 3128 ego
747 3052 781 3100 tc
816 3034 996 3103 consaluto.
1057 3035 1173 3127 Surge,
1199 3061 1270 3130 age,
1295 3037 1436 3105 maxime
1448 3046 1502 3124 48.

330 3185 408 3239 rex,
434 3160 533 3225 verba
567 3160 654 3225 bene
688 3158 854 3250 auspicato
878 3156 1046 3248 prolatus,
1080 3156 1304 3250 resplendens
1330 3158 1437 3228 forma

333 3300 401 3363 tua,
436 3308 498 3348 ceu
524 3281 601 3348 solis
625 3279 720 3345 iubar
744 3304 763 3345 a
787 3295 899 3345 monte
925 3279 1024 3346 Moru
1051 3303 1295 3373 repercussum.
1344 3280 1436 3362 Tibi,
1449 3284 1500 3372 ⁴9.

330 3429 351 3472 ο
376 3404 603 3485 Cecutsthidc,
627 3407 740 3471 Lunus
765 3421 864 3497 atque
883 3402 954 3485 Sol,
980 3401 1071 3469 Siras
1097 3427 1162 3468 una
1189 3426 1266 3472 cum
1291 3402 1438 3488 Cuvcro,

332 3529 566 3622 Varunusque,
592 3530 679 3623 Ignis
706 3526 890 3621 lndrasque
909 3528 1081 3595 victoriam
1104 3525 1295 3595 decernant.
1346 3528 1499 3597 Abiitso.

331 3652 522 3719 veneranda
549 3656 640 3734 Nox,
667 3655 746 3719 Dies
768 3651 892 3719 faustus
918 3654 983 3718 iam
1008 3654 1119 3720 instat:
1146 3654 1392 3745 expergiscere,
1418 3675 1438 3716 o

333 3781 466 3870 sapiens
495 3776 566 3842 rex!
625 3778 783 3869 Magnum
815 3778 987 3869 negotium
1022 3777 1127 3843 instat.
1191 3774 1312 3856 Adest,
1340 3777 1501 3857 cccc,5t.

333 3901 668 3967 sanctusl'asislttltas
697 3925 770 3965 cum
787 3900 1065 3967 Brachmanorum
1091 3902 1260 3965 comitutu:
1286 3898 1438 3990 protinus

334 4022 424 4087 iussu
447 4040 502 4088 tuo
531 4020 719 4114 Ragltuidae
746 4021 951 4088 consecratio
974 4019 1158 4088 ordinetur.
1191 4020 1264 4088 Ceu
1288 4018 1502 4113 pecudcs52.

333 4148 406 4210 sinc
433 4161 581 4236 pastore,
608 4169 671 4210 ceu
697 4144 863 4211 exercitus
886 4145 958 4209 siue
993 4140 1098 4224 duce,
1124 4140 1190 4209 tale
1220 4144 1336 4237 utique
1365 4167 1439 4211 esse

331 4267 418 4335 solet
443 4269 630 4361 imperium,
654 4267 713 4333 ubi
737 4291 796 4334 rex
816 4289 883 4334 non
908 4267 951 4334 sit
965 4268 1167 4334 constitutus.
1193 4298 1242 4318 ·-
1266 4264 1343 4333 Tali
1370 4265 1503 4337 cinito.

332 4393 481 4458 oratione
497 4389 617 4470 audita,
641 4414 727 4483 quae
744 4390 805 4456 sub
827 4389 1022 4457 blandiendi
1038 4392 1152 4483 specio
1175 4414 1254 4461 vcra
1272 4389 1441 4472 monebat,

331 4535 440 4582 terrac
467 4514 619 4580 dominus
645 4514 752 4581 acrius
790 4538 889 4605 quam
911 4530 1005 4579 antes
1029 4538 1184 4581 moerore
1209 4509 1441 4581 contundeba-

331 4658 394 4705 tur.
448 4641 536 4704 'I'nm
562 4635 700 4730 quidem
733 4634 840 4703 solatii
867 4659 987 4726 expers
1016 4654 1158 4729 propter
1183 4626 1306 4714 lildtm,
1331 4634 1503 4728 auspi-54.

330 4764 425 4830 ciens
452 4764 596 4855 aurigam
622 4761 726 4830 oculis
748 4760 874 4828 rubore
891 4757 1029 4839 sullmis,
1055 4758 1197 4854 inclytus
1223 4755 1278 4824 ille
1294 4781 1333 4826 ac
1355 4759 1442 4850 pius,
