3609 5817
435 708 516 788 mc
684 698 771 785 Lm.
802 691 837 784 1.
875 687 976 785 Car.
1008 687 1272 785 XXXVIII.

370 920 418 988 26.
433 935 502 997 tur,
542 891 871 1009 ‹jaasi'Crittiearum
903 912 999 980 silius.
1049 914 1199 998 Quorum
1230 932 1383 979 sermone
1411 906 1542 992 suffito,

432 1038 578 1105 nutrices
601 1038 725 1104 suetum
746 1038 864 1105 abortu
884 1061 923 1102 er
944 1054 1038 1103 utero
1062 1032 1212 1126 clapsum
1233 1030 1427 1117 abluerant,
1451 1057 1544 1101 snm·

371 1186 485 1249 27.ma
512 1186 586 1227 eum
613 1179 780 1228 venustate
806 1161 891 1253 ignis
918 1160 1020 1224 instar
1050 1156 1243 1224 radiantem.
1295 1154 1418 1248 Superi
1443 1179 1543 1237 vero,

433 1284 592 1377 quoniam
624 1284 742 1349 abortu
773 1307 813 1351 ex
844 1301 939 1348 utero
974 1280 1104 1373 clapsus
1140 1278 1272 1362 suerat,
1309 1277 1543 1360 Cacutsthide,

433 1405 594 1472 Scamnum
618 1427 753 1495 queque
774 1401 888 1469 dixere
907 1402 1125 1483 Carticeium,
1149 1399 1267 1468 validis
1287 1399 1420 1470 lacertis
1443 1426 1544 1494 prae-

371 1533 418 1595 28.
433 1527 539 1595 ditum
554 1529 771 1618 flammaeque
793 1525 943 1594 similem.
982 1528 1116 1594 Praesto
1143 1524 1266 1593 deinde
1288 1525 1350 1593 Iuit
1373 1523 1425 1607 lae
1444 1546 1546 1617 prae·

434 1652 669 1718 stantissimum
694 1676 751 1717 sex
777 1650 1008 1732 Crittiearum,
1047 1672 1148 1742 quem
1170 1646 1302 1715 laticem
1327 1671 1369 1713 ex
1390 1648 1546 1714 mammis

371 1800 419 1864 ²9·
434 1789 567 1838 enatum
591 1798 677 1867 puer
701 1797 759 1839 sex
784 1797 842 1841 ora
867 1771 1154 1866 gerensimbibit.
1204 1770 1278 1854 Quo
1309 1766 1396 1836 lacte
1424 1751 1544 1839 halam

432 1894 461 1957 is
487 1916 553 1960 uno
577 1892 633 1961 die
656 1891 844 1961 iuveniliter
869 1895 1021 1986 protinus
1051 1889 1211 1972 adolevit,
1243 1908 1278 1957 ct
1300 1888 1425 1957 bellica
1448 1888 1544 1959 lorti-

372 2024 418 2085 30.
433 2014 549 2082 tudine
575 2041 633 2083 sua
657 2015 847 2083 Ditidarum
871 2018 1002 2108 agmina
1028 2013 1151 2082 devicit
1172 2008 1215 2099 ²).
1267 2013 1364 2080 Hunc
1392 2010 1545 2105 splendi-

435 2134 610 2204 dissimum
640 2138 846 2206 Immortales
882 2140 1050 2220 universi,
1096 2139 1176 2231 Igne
1210 2135 1297 2204 duce
1336 2137 1545 2230 congregati,

436 2258 588 2328 eoelestis
611 2263 775 2328 exereitus
794 2262 1031 2355 imperatorem
1049 2287 1134 2355 aqua
1151 2260 1280 2329 lustrali
1297 2263 1544 2354 inauguranmt.

374 2380 421 2439 5¹·
436 2383 492 2452 Sic
518 2386 594 2476 tibi,
626 2388 672 2451 mi
694 2387 811 2468 Rama,
836 2388 1004 2481 nymphae
1026 2386 1160 2480 Gangas
1184 2387 1406 2480 propaginem
1431 2382 1544 2451 deela-

434 2506 521 2588 ravi,
546 2532 609 2573 nee
636 2531 705 2576 non
729 2506 862 2575 felicem
886 2525 1099 2602 sanctamque
1122 2508 1258 2575 camna·
1283 2508 1455 2602 originem.

477 2754 512 2828 9)
535 2753 627 2814 llaud
649 2755 779 2818 difficilis
802 2765 846 2817 est
873 2755 912 2817 ad
943 2754 1143 2817 divinandum
1163 2757 1330 2841 allegoria,
1362 2780 1442 2844 qaae
1461 2757 1547 2822 hisee

561 2855 669 2916 sabulis
686 2856 798 2917 subest
840 2858 924 2917 Deus
942 2855 1072 2916 Martius
1087 2856 1179 2918 Sivae
1200 2859 1278 2920 filias
1297 2858 1418 2938 fertur,
1438 2859 1544 2921 numi·

560 2953 606 3014 nis
628 2955 850 3036 potentissimi,
873 2978 890 3016 a
912 2956 997 3016 euius
1020 2965 1098 3016 nutu
1117 2955 1280 3018 hominum
1305 2958 1368 3018 fata
1389 2959 1545 3021 alternae-

559 3051 724 3135 <laetitae
751 3063 784 3115 et
807 3055 918 3115 mortis
942 3055 1023 3115 vices
1049 3055 1196 3137 pendent.
1240 3056 1325 3118 Idem
1344 3066 1448 3119 mmen
1469 3057 1547 3142 ignit

560 3173 621 3233 ope
641 3154 671 3213 in
694 3154 794 3214 lacem
812 3154 938 3235 prodit,
968 3155 1042 3237 qnia
1070 3156 1226 3218 acerrimo
1255 3166 1323 3217 tum
1352 3157 1547 3236 animorum,

560 3260 630 3311 tum
654 3274 827 3335 corporum
847 3254 966 3336 impetu
992 3254 1073 3315 bella
1092 3265 1258 3337 geramum
1296 3255 1394 3317 Simul
1414 3277 1488 3318 cnm
1507 3277 1547 3321 eo

559 3351 728 3433 gignuntur
747 3353 891 3432 metalla,
915 3376 981 3430 aes,
1004 3356 1145 3431 terrum,
1167 3354 1307 3437 reliqua,
1330 3376 1348 3417 e
1371 3355 1485 3438 quibus
1503 3357 1547 3417 si.

560 3449 676 3511 militer
698 3450 774 3534 ignis
793 3474 854 3533 ope
873 3454 945 3513 fusis
969 3463 1000 3515 et
1015 3453 1148 3515 excoctis
1164 3454 1225 3515 tela
1245 3464 1276 3515 et
1294 3476 1400 3533 arma,
1420 3454 1550 3534 loricae,

560 3558 665 3627 scuta,
696 3552 816 3632 galeae,
840 3552 1071 3633 procuduntur.
1114 3554 1228 3636 Gangis
1258 3551 1394 3637 nympha
1416 3552 1550 3636 deponIt

444 3665 449 3675 ·
560 3647 637 3710 haee
658 3649 782 3711 metalla
803 3651 833 3711 in
856 3653 1010 3714 montium
1030 3654 1118 3732 sinu,
1152 3655 1225 3735 quia
1249 3658 1280 3714 in
1303 3654 1338 3716 iis
1362 3655 1550 3737 plerumque

561 3768 672 3808 eorum
693 3768 790 3810 venae
813 3752 1026 3831 reperiuntur.
1067 3753 1127 3815 Sex
1150 3751 1296 3814 Critticae
1318 3763 1392 3817 suat
1413 3753 1550 3816 totidem

561 3846 721 3907 Pleiadum
735 3848 856 3921 stellae,
879 3852 1040 3932 septimam
1056 3852 1137 3914 enim
1153 3851 1225 3914 Indi
1240 3875 1302 3914 nou
1317 3863 1442 3921 curant.
1470 3854 1550 3916 Pin.

561 3945 646 4025 gitur
667 3956 772 4030 autem
790 3946 850 4008 hoc
870 3949 952 4011 sidus
974 3952 1059 4031 apud
1087 3952 1211 4013 eosdem
1241 3954 1298 4015 sub
1319 3953 1421 4036 speeIe
1448 3976 1549 4016 nova-

561 4045 648 4103 culae
669 4044 842 4119 (Senserite
862 4047 1015 4127 trinita),
1050 4062 1082 4112 et
1100 4054 1184 4113 iuter·
1207 4053 1316 4116 domus
1337 4055 1460 4117 lunares
1482 4065 1551 4117 ter-

560 4139 640 4200 tium
657 4142 759 4204 locum
774 4157 918 4228 occupat.
951 4152 995 4211 Cs.
1015 4153 1067 4218 Aa.
1085 4152 1156 4212 Itrs.
1174 4154 1221 4230 II,
1245 4174 1277 4235 p.
1297 4151 1366 4216 293.
1400 4155 1554 4217 Critticae

561 4240 735 4323 signilieaut
753 4246 851 4329 igitur
870 4248 930 4308 tela
952 4250 1031 4310 varii
1053 4253 1188 4334 generis,
1209 4252 1249 4312 ael
1271 4254 1473 4336 pungendum
1495 4264 1554 4318 aut

562 4341 728 4402 secandum
744 4354 837 4426 apta:
858 4347 996 4429 sagittas,
1019 4350 1152 4431 gladios,
1175 4352 1331 4430 acinaces,
1352 4352 1469 4430 iacula,
1491 4352 1552 4413 ha-

561 4448 637 4516 stas,
665 4464 796 4505 secures.
838 4447 918 4524 Lae,
947 4449 1031 4530 quod
1059 4450 1115 4510 lme
1143 4450 1280 4512 nutrices
1306 4472 1409 4533 puero
1431 4453 1553 4513 Martio

562 4540 724 4618 praebent,
745 4553 791 4604 est
811 4545 933 4628 sanguis
954 4569 972 4607 e
993 4550 1172 4611 vulneribus
1196 4551 1326 4626 etlusus,
1348 4572 1412 4633 quo
1434 4549 1554 4614 bellum

564 4639 658 4717 nangis
676 4643 834 4727 magisque
847 4646 1011 4708 crudescit.
1042 4650 1154 4708 Similis
1169 4660 1213 4710 est
1231 4650 1332 4711 sabula
1351 4650 1390 4711 de
1408 4650 1554 4729 llerculc,

564 4738 612 4794 ⁰¹¹3
629 4741 721 4815 tuno,
744 4741 848 4825 ignara
865 4747 933 4827 quis
947 4749 1035 4829 pueri
1055 4759 1146 4830 patet·
1164 4761 1249 4827 essct,
1271 4772 1433 4813 trutmmam
1452 4770 1552 4832 prae.
