3609 5817
441 703 676 801 Consumit
686 709 846 802 Ranae
864 737 907 801 oa
925 736 1091 801 ennon
1110 736 1314 805 emmor.
1343 718 1431 805 lte

326 943 383 994 tes.
450 928 542 1010 Quae
577 924 736 995 Sambaro
768 929 925 995 Titanum
964 929 1034 1020 regi
1066 930 1197 998 inerunt
1231 929 1428 1025 praestigiae
1440 938 1490 1022 57.

323 1045 548 1142 multiplices,
575 1047 670 1115 cordi
703 1065 759 1116 tuo
792 1047 957 1141 ingenitae
989 1068 1083 1131 suut,
1114 1049 1268 1143 eliaeque
1292 1052 1430 1143 insuper

323 1172 366 1240 ad
393 1170 496 1238 multa
532 1168 644 1237 millio.
702 1171 766 1256 Qui
791 1172 911 1264 gibbus
944 1169 1021 1240 clivi
1053 1174 1249 1241 cacuminati
1273 1174 1387 1267 specie
1409 1179 1489 1245 att.

325 1294 427 1366 dorso
454 1295 514 1361 tibi
539 1297 721 1388 prominet,
745 1318 766 1364 o
792 1314 943 1376 venusto,
969 1295 1004 1360 iu
1029 1319 1069 1364 eo
1094 1314 1267 1365 versantur
1290 1297 1429 1367 consiliu

324 1437 480 1513 artesque
513 1417 680 1484 nobilium
719 1416 919 1486 bellatorum
953 1415 1187 1513 fallaciaeque3
1223 1444 1325 1514 super
1354 1434 1489 1519 eum39

323 1538 527 1633 suspendam
555 1541 614 1607 tibi
652 1559 807 1634 torquem
837 1564 974 1608 aureum
1001 1541 1139 1609 Bbarata
1170 1562 1362 1613 consecrato
1396 1561 1430 1612 et

322 1664 425 1731 uana
446 1664 481 1729 iu
506 1661 620 1731 silvam
644 1663 815 1756 prosect03
839 1686 907 1756 quo
939 1686 1019 1731 auro
1044 1688 1142 1756 puro,
1167 1662 1347 1760 diligenter
1371 1692 1428 1736 ex-
1437 1682 1491 1764 ⁴⁰·

324 1804 431 1870 cocto,
457 1813 518 1882 ego
541 1790 606 1856 voti
625 1811 763 1882 compos
779 1806 878 1882 atque
895 1788 931 1853 iu
954 1804 1126 1881 posterum
1148 1812 1274 1869 secure,
1289 1789 1428 1882 gibbum

325 1928 418 1978 tuum
441 1910 684 1981 condecorabu
740 1909 796 1979 nd
828 1910 946 1978 laciem
974 1893 1161 1979 >oruuudam
1183 1911 1314 2005 insigne
1335 1911 1489 1999 frou-41.

325 2030 390 2100 tale
415 2058 568 2114 aureum,
600 2032 836 2131 splendidum,
870 2033 992 2102 allabre
1024 2034 1258 2104 excudendum
1281 2035 1344 2104 tibi
1369 2059 1428 2103 cu·

325 2158 426 2237 rabo,
451 2157 606 2251 gibbera,
631 2156 894 2252 splendidasque
927 2157 1114 2227 munditias.
1169 2159 1259 2227 lliuis
1284 2157 1488 2249 vestibula,

322 2278 437 2347 nitidis
462 2282 579 2348 amicta
609 2277 793 2347 ambulabis
818 2298 975 2375 torquem
1009 2280 1112 2362 Dira,
1138 2301 1196 2348 ore
1222 2296 1278 2348 tuo
1300 2278 1428 2346 incom-

322 2402 466 2497 parabili
489 2401 603 2471 luuam
629 2402 723 2497 quasi
755 2398 798 2467 ad
824 2418 992 2471 certsmen
1017 2426 1210 2496 provocans.
1258 2398 1428 2494 Unguium
1438 2408 1489 2494 43.

324 2529 396 2595 acie
422 2544 518 2595 tcuus
543 2543 643 2593 uncta
666 2522 816 2591 santalio
841 2522 980 2593 odorato
1012 2524 1048 2591 iu
1072 2523 1180 2593 fronte
1206 2520 1348 2591 lumiliac
1374 2523 1427 2590 iu·

324 2649 441 2731 cedes,
481 2673 643 2744 spernens
672 2645 802 2717 invidos
841 2674 880 2718 ac
914 2646 1104 2717 malevolos.
1159 2647 1209 2715 lts
1242 2644 1489 2733 collaudatsll.

322 2773 441 2842 ancilla
468 2770 672 2843 Caecet'dem
696 2772 732 2838 iu
757 2769 902 2842 candido
936 2771 1024 2841 lecto
1049 2772 1247 2855 cubantem,
1271 2789 1427 2866 tauqusm

325 2899 437 2991 ignem
462 2898 497 2964 iu
529 2919 586 2963 ara
619 2896 830 2977 emicantem,
858 2892 935 2964 talia
961 2896 1104 2966 monuit:
1160 2896 1266 2992 Aquis
1291 2894 1489 2993 dilapsisss.

446 3264 653 3346 grabatorum
674 3260 815 3338 (Gallicea
836 3262 1011 3341 ώλωηὲη.)
1030 3262 1090 3329 'ue
1113 3261 1216 3325 avium
1236 3265 1322 3348 quasi
1342 3263 1429 3349 gral-

445 3364 481 3425 lis
501 3363 646 3425 eruribus
674 3361 850 3446 gracillimis
872 3361 1095 3437 incedentium,
1117 3361 1214 3446 longis
1234 3384 1362 3448 queque
1380 3364 1430 3427 di·

445 3465 514 3546 gitis
535 3463 751 3547 unguibusque
772 3461 972 3525 munitarum.
1021 3460 1166 3524 Tradunt
1186 3460 1269 3542 ludi,
1292 3462 1430 3526 tonitru-

445 3564 502 3625 bus
522 3563 735 3643 ingruentibus
755 3562 912 3625 tittibbaua
926 3560 1067 3643 supinam
1088 3562 1278 3640 recumbere,
1300 3571 1431 3645 proteu·

447 3665 485 3725 sis
508 3664 648 3724 inultum
668 3662 823 3738 cruribus,
844 3669 880 3721 ut
900 3662 1022 3722 coelum
1043 3661 1158 3737 fulciat,
1177 3662 1201 3722 si
1221 3662 1345 3746 quaudo
1362 3663 1429 3725 lra-

447 3772 531 3824 etum
554 3762 709 3827 illabatur.
738 3794 782 3809 ·-
799 3762 898 3822 Norat
916 3759 1026 3821 callida
1048 3762 1181 3840 Cacocis,
1200 3764 1315 3824 nullam
1339 3764 1428 3825 seut.

444 3884 514 3923 ussu
535 3884 598 3924 csse
619 3860 697 3923 adeo
718 3859 909 3930 deformem,
932 3861 982 3921 cui
1011 3881 1073 3922 non
1096 3861 1217 3944 plsceat
1242 3861 1308 3924 laus
1330 3883 1429 3924 venu-

445 3962 531 4023 statis
553 3972 583 4022 et
599 3962 815 4023 illecebrarum
832 3959 1030 4022 muliebrium
1052 3960 1107 4043 ipsi
1119 3961 1289 4043 impertita.
1332 3963 1428 4024 Com.

444 4073 536 4143 purat
559 4063 663 4143 itaque
683 4059 879 4121 blsutbarum
902 4081 973 4120 cum
994 4081 1051 4122 ave
1070 4060 1213 4143 eleganti,
1234 4083 1313 4146 quoe
1334 4083 1428 4126 crura

445 4162 570 4241 gracilia
591 4160 701 4236 babet,
730 4181 844 4242 corpus
880 4160 912 4222 in
946 4160 1042 4222 breve
1064 4161 1197 4243 spatium
1216 4169 1428 4241 contractum,

444 4261 556 4320 collum
579 4281 746 4342 procerum
767 4258 914 4343 quidem,
945 4258 998 4321 sed
1026 4260 1069 4321 ita
1091 4260 1255 4335 relicuum,
1278 4268 1313 4322 ut
1333 4270 1429 4344 eaput

443 4360 579 4420 berneris
609 4360 788 4421 incumbere
816 4359 976 4434 rideatur,
998 4358 1096 4442 qualis
1127 4381 1191 4422 esse
1211 4362 1290 4421 solet
1307 4369 1428 4423 ststurs

439 4461 599 4521 luuniuusu
615 4461 830 4523 distortoruus.
847 4460 1023 4520 Procacilas
1038 4481 1175 4543 spuetque,
1190 4479 1251 4544 qua
1264 4457 1427 4524 tteotlm

445 4562 611 4630 uestitu-bol,
634 4560 784 4620 lribtailur
806 4557 958 4628 tittiblnc
980 4567 1090 4639 utpote
1110 4581 1189 4640 quam
1206 4559 1236 4618 itt
1255 4558 1356 4620 lebule
1374 4581 1427 4622 tu·

445 4683 500 4741 psa
528 4662 658 4736 luaululu,
680 4661 876 4745 ‹pusuluurtis
898 4658 1016 4733 debilis,
1034 4663 1194 4722 Oceanum
1208 4658 1248 4723 etl
1269 4670 1426 4726 κώπη

443 4772 605 4839 prosecat.
