3609 5817
604 703 817 800 Cturrem
855 737 1101 803 crumino.
1327 731 1404 810 tte

303 930 427 1022 inquit,
455 927 729 1022 quandoquidem
753 929 890 1024 Superis
910 933 959 997 ‘ita
985 931 1102 1025 placet.
1154 932 1281 1017 Quibus
1310 933 1406 1005 dictis
1426 943 1468 1009 ιδ.

302 1051 440 1133 auditis,
477 1051 533 1118 illa
563 1053 703 1121 formam
733 1055 911 1122 aetheriam
939 1056 1139 1149 assumpsit,
1177 1073 1211 1124 et
1238 1056 1407 1126 undarum

301 1180 531 1242 aestuantium
563 1175 762 1268 anthegibus
789 1182 861 1244 eius
887 1181 1045 1270 impetum
1075 1178 1182 1245 elusit.
1236 1180 1324 1276 iguis
1349 1208 1407 1250 au·
1424 1187 1469 1268 ti.

301 1319 384 1380 tem,
411 1302 476 1366 visa
504 1301 668 1393 nymphae
691 1302 865 1395 superbia,
891 1326 1028 1395 qrtoquo
1055 1326 1165 1370 versus
1191 1328 1263 1372 sese
1291 1305 1407 1375 dilata·

300 1427 361 1504 rit,
383 1442 416 1490 et
441 1422 590 1517 irrulique
616 1447 688 1490 eam
714 1426 874 1492 irroravit
927 1426 1038 1509 Quum
1056 1448 1170 1492 omnes
1185 1425 1320 1522 Gangae
1339 1448 1406 1499 tor·
1424 1431 1471 1494 15.

300 1566 409 1614 rentes
427 1549 468 1613 ab
487 1572 526 1615 eo
544 1545 672 1640 oppleti
691 1566 808 1629 essent,
836 1547 1023 1615 ditinorum
1042 1572 1211 1617 saeromm
1229 1554 1407 1620 antistitem

300 1669 453 1763 (Ignem)
474 1698 511 1737 eu
535 1674 686 1765 protinus
706 1672 838 1739 allatur:
865 1674 940 1739 Non
959 1673 1094 1753 sufficio,
1120 1672 1207 1756 dive,
1233 1673 1405 1745 tolerando
1424 1671 1470 1738 ¹5·

301 1798 477 1888 tigurium
499 1792 662 1874 musculo,
688 1795 786 1878 nimis
809 1795 1015 1884 vehementi,
1041 1821 1121 1864 uror
1142 1798 1280 1867 flammis
1303 1800 1405 1882 hisce,

300 1940 332 1988 et
359 1919 457 2013 plane
484 1919 583 1984 animi
605 1941 718 2011 angor.
767 1919 865 1984 Tune
884 1919 988 2009 ignis,
1014 1921 1072 2013 qui
1091 1921 1239 1988 omnium
1265 1922 1405 1990 deorum
1422 1945 1466 2010 17.

300 2046 399 2112 sacris
425 2044 584 2121 rescitur,
610 2039 745 2133 Gangre
766 2041 955 2134 respondit:
983 2044 1046 2110 Hic
1065 2043 1106 2110 ad
1127 2046 1326 2112 Himavantis
1352 2070 1405 2111 ra-

299 2167 391 2233 dices
417 2167 511 2232 hicce
532 2167 638 2232 scetus
658 2164 854 2258 deponatur.
896 2164 974 2248 illa,
998 2168 1084 2261 ignis
1110 2167 1201 2236 dieto
1224 2169 1465 2253 intellectura.

299 2266 424 2358 foetum
455 2287 781 2382 splendidissimum,
813 2312 927 2355 semen
956 2290 1108 2358 mirabile
1116 2341 1126 2372 ,
1158 2314 1177 2357 e
1202 2292 1404 2360 torrentibus

299 2419 366 2483 suis
392 2413 514 2482 effudit
553 2411 652 2497 Quod
678 2437 717 2479 cx
735 2411 791 2478 illa
814 2415 981 2481 effluxerat
1006 2440 1143 2508 purum,
1168 2417 1293 2483 micans
1319 2417 1404 2482 sicut
1422 2434 1467 2497 ¹9.

298 2565 397 2607 arena
414 2535 612 2606 Jambdnndi
630 2536 719 2603 fluuii
746 2537 793 2622 ¹),
818 2560 918 2629 quam
943 2539 1088 2630 primurn
1110 2557 1231 2606 terram
1255 2538 1403 2630 contigit,

300 2665 334 2729 in
359 2690 474 2731 aurum
500 2682 659 2731 mutatum
686 2681 743 2730 est.
794 2663 842 2729 Ex
869 2661 1054 2729 acritudine
1075 2687 1178 2756 porro
1199 2687 1253 2730 aes
1273 2687 1311 2729 ac
1332 2680 1465 2729 nae-2⁰·

300 2787 413 2855 talium
434 2775 657 2879 ferrugineum
677 2786 890 2869 nascebatur3
917 2812 1002 2878 quae
1024 2787 1116 2853 hisee
1132 2782 1247 2854 sordes
1265 2787 1406 2869 inerant,

299 2934 356 2976 eae
380 2912 416 2975 in
439 2927 591 2976 stannum
617 2927 650 2974 et
674 2906 850 3002 plumbum
876 2908 1163 2976 convertebantur.
1205 2910 1270 2978 vix
1297 2923 1467 2976 autemst.

299 3036 404 3101 eiecto
427 3031 540 3112 ioetn,
577 3027 678 3097 radiis
704 3032 773 3098 eius
799 3029 1019 3100 illuminatum
1044 3050 1148 3100 tntum
1175 3032 1263 3101 istud
1289 3060 1404 3102 nemus

297 3174 409 3225 tnonte
436 3157 580 3222 cinctum
605 3179 741 3221 aureum
767 3173 816 3222 est
841 3155 972 3223 suetum.
1027 3157 1155 3225 Aurum
1180 3183 1301 3253 purum
1328 3156 1466 3251 pul-n.

300 3306 357 3349 cro
383 3278 495 3347 colore
522 3277 659 3360 effulsit,
687 3304 725 3345 rx
752 3279 839 3371 ignis
865 3279 976 3370 vigore
1002 3297 1113 3345 natum
1126 3329 1137 3362 ‚
1162 3281 1256 3373 qtraui
1282 3303 1404 3373 corpo·

299 3430 353 3471 rea
376 3403 464 3496 Ignis
492 3399 615 3479 forma,
646 3401 813 3467 liranum
840 3398 881 3463 ab
909 3424 948 3464 eo
976 3396 1054 3466 inde
1085 3418 1235 3492 tempore
1261 3401 1403 3479 dictum,

297 3551 320 3597 ο
345 3524 524 3619 Raghnide.
568 3523 701 3592 Deinde
733 3548 875 3616 puerum
901 3523 1082 3614 conspicati
1113 3524 1297 3592 Ventorum
1329 3529 1466 3616 gre-23.

298 3676 356 3743 ger
374 3646 474 3715 lndre
495 3645 592 3728 duce,
618 3662 654 3713 ut
673 3641 724 3712 lac
749 3646 779 3711 ei
804 3641 1067 3736 suppeditarent,
1088 3644 1270 3712 Cntrrtcts
1296 3666 1404 3710 arces·

300 3775 425 3852 rivere,
452 3774 602 3836 nutrices
621 3774 693 3836 citus
709 3773 866 3859 j'uturns.
904 3768 992 3848 Hae,
1018 3769 1286 3859 consiliorum,
1312 3774 1464 3860 post-²4.

301 3923 399 3990 quum
425 3898 589 3991 egregiam
612 3895 675 3961 sihi
704 3895 932 3964 conditionem
957 3895 1168 3987 pepigerant,
1202 3910 1236 3958 ut
1258 3893 1404 3985 ipsarum

300 4024 334 4088 in
351 4046 526 4088 commune
547 4019 633 4087 lilius
650 4016 837 4098 diceretur,
863 4020 915 4085 vir
941 4035 1017 4085 nato
1044 4016 1094 4083 luc
1120 4017 1316 4109 praebuere.
1350 4016 1463 4084 Diini.

300 4145 460 4223 universi,
488 4143 552 4212 illis
577 4145 808 4223 assentientes,
838 4142 888 4209 Ne
916 4139 1089 4211 dubitetis!
1122 4142 1294 4234 inquiunt3
1321 4161 1405 4233 puer

299 4267 354 4337 hie
381 4294 443 4364 per
468 4268 635 4363 triplicem
658 4265 820 4337 mundum
842 4268 1019 4338 Citrtcru
1051 4268 1186 4336 nomine
1217 4260 1403 4335 celebrabi-

305 4459 568 4473 ...αι-..α

345 4575 377 4651 Ι)
399 4572 452 4635 tiu
474 4573 585 4635 fluvius
606 4574 741 4646 aurifer,
762 4596 795 4634 rt
816 4572 1044 4650 mortuorunt,
1069 4595 1160 4656 qiu-m
1178 4568 1406 4644 fabulabantur,

420 4679 608 4739 scaturit-na.
632 4676 712 4737 unde
736 4698 830 4735 teutuu
851 4697 867 4736 e
890 4673 993 4735 multis
1017 4676 1084 4734 nuri
1108 4672 1284 4735 unruiuihtts
1306 4668 1402 4732 tlttlu·

422 4789 511 4837 titur.
