3609 5817
394 736 447 815 36
724 727 813 812 Lis.
846 724 879 812 1.
916 721 1016 814 Cae.
1047 724 1176 816 Vlll.

392 943 600 1012 vibhtndaci
621 962 750 1021 natum,
781 968 798 1009 o
824 966 899 1024 rex,
927 946 1153 1037 cuiuscunque
1175 943 1266 1012 modi
1295 950 1503 1041 captionibus

333 1068 377 1130 16.
392 1070 456 1136 huc
483 1067 660 1153 adducito,
689 1095 788 1163 qnam
812 1069 957 1161 primum
980 1092 1057 1134 vero
1078 1070 1343 1162 Rishyasringam
1361 1073 1505 1140 anacho-

391 1212 481 1261 retae
506 1211 619 1262 natum
644 1191 839 1271 adduxeris,
873 1187 932 1254 des
959 1189 988 1253 ei
1013 1188 1115 1255 filiam
1141 1210 1228 1259 tuam
1254 1212 1412 1286 nuptum,
1438 1197 1502 1261 ritu

335 1338 378 1401 ¹7.
391 1335 543 1386 accurate
561 1318 743 1385 observato.
769 1317 921 1398 Quorum
941 1310 1030 1379 dieto
1046 1312 1229 1380 auditores
1245 1315 1502 1384 meditabundus

390 1438 595 1507 multimodis
621 1463 734 1506 secum
752 1437 931 1513 volutabit,
958 1459 1099 1527 quanam
1121 1439 1274 1530 captione
1294 1440 1367 1506 lieri
1388 1442 1501 1533 possit,

331 1560 377 1629 ¹8.
392 1581 427 1629 ut
453 1562 651 1631 adolescens
675 1561 734 1628 ille
756 1580 908 1629 strenuus
934 1557 977 1623 ad
1002 1584 1037 1624 se
1064 1556 1256 1625 adducatur.
1309 1564 1419 1644 Quum
1444 1589 1502 1629 au-

390 1706 468 1768 tem,
494 1690 566 1780 ipse
585 1685 715 1753 consilii
732 1688 840 1778 inops,
864 1685 901 1748 in
920 1680 1011 1747 nulla
1027 1683 1187 1748 sententia
1206 1687 1399 1765 constiterit,
1422 1670 1501 1752 tnnc

389 1808 567 1876 familiares
602 1827 799 1877 convocatos
832 1806 943 1875 denno
970 1806 1012 1872 dc
1042 1807 1180 1874 consilio
1211 1810 1501 1900 pereunctabitur,

330 1939 374 2004 ¹9·
391 1951 490 2026 atque
521 1923 670 1999 antistiti
685 1956 856 2000 sacrorum
884 1928 1068 1997 domestico
1093 1933 1318 2024 ministrisque
1334 1935 1503 2000 ‚instanter

388 2053 578 2135 mandabit,
604 2073 640 2121 ut
662 2055 726 2121 sibi
746 2052 915 2120 adducant
933 2052 1115 2119 honorifice
1129 2054 1279 2119 habitum
1293 2052 1502 2147 praeclarum

327 2204 374 2245 ao.
388 2179 486 2243 istum
508 2177 784 2272 Rishyasringam.
820 2176 874 2243 llli
901 2198 999 2255 vero,
1026 2173 1115 2241 dicto
1142 2177 1227 2268 regis
1253 2175 1382 2257 andito,
1405 2176 1503 2242 obse·

389 2301 529 2365 orabunt
564 2324 641 2366 eum
672 2300 801 2379 afflicti,
829 2299 961 2365 turbato
988 2295 1103 2377 vultu,
1139 2323 1182 2363 ne
1207 2324 1242 2364 sc
1268 2300 1501 2366 anachoretam

323 2446 372 2488 ar.
387 2440 572 2489 metuentes
598 2446 637 2490 eo
662 2422 832 2515 proficisci
857 2421 978 2487 iubeat
1028 2418 1177 2502 Deinde,
1204 2426 1310 2490 varios
1333 2419 1429 2489 dolos
1451 2424 1500 2488 rei

386 2546 612 2641 perficiendae
631 2565 725 2640 aptos
743 2545 885 2639 amplius
900 2543 1059 2626 meditati,
1074 2543 1320 2638 profitebuntur
1335 2567 1371 2612 se
1386 2546 1500 2638 utique

324 2701 374 2742 aa.
387 2671 590 2739 adducturos
607 2696 679 2736 esse
701 2695 794 2750 etam,
820 2689 853 2735 et
878 2666 1017 2761 quidem
1039 2670 1110 2735 sine
1135 2667 1202 2735 ulla
1222 2694 1316 2736 noxa.
1350 2670 1501 2753 Quorum

389 2811 579 2870 commento
605 2798 790 2861 accuratius
817 2796 969 2889 cognito,
995 2814 1104 2862 terrae
1129 2792 1302 2877 dominus,
1327 2795 1425 2861 tertio
1446 2792 1500 2859 die

325 2917 374 2976 23·
390 2917 528 2986 consilio
554 2943 632 2988 eum
647 2921 805 2986 ministris
825 2918 998 3012 expedito,
1025 2919 1105 2983 vatis
1125 2918 1229 2985 lilium
1244 2916 1411 2985 illecebris
1430 2940 1501 2983 me·

388 3042 558 3123 retricum,
581 3042 732 3109 habitum
747 3043 1021 3108 anachoretarum
1038 3042 1246 3116 imitantium,
1270 3059 1402 3133 captum
1420 3042 1500 3108 sub-

327 3158 375 3238 24·
388 3162 437 3230 tili
461 3162 540 3231 dolo
560 3190 578 3231 e
602 3168 707 3259 patris
733 3191 865 3232 secessu
889 3131 981 3232 suam
1003 3167 1038 3230 in
1066 3161 1184 3230 urbem
1209 3161 1362 3229 adducet.
1401 3165 1500 3230 Tunc

388 3286 519 3381 pluviae
546 3290 643 3381 copia
668 3288 727 3356 liet
749 3288 785 3354 in
810 3287 936 3356 ditione
961 3288 1065 3380 regis,
1092 3283 1190 3353 simul
1211 3304 1310 3379 atque
1332 3310 1372 3354 eo
1388 3310 1500 3353 acces-

324 3408 376 3469 25·
387 3414 468 3478 serit
492 3409 610 3479 sollers
636 3385 853 3479 anacboretae
878 3429 982 3478 natus.
1031 3411 1136 3477 Porro
1162 3432 1221 3476 rex
1242 3408 1376 3477 Sintam
1398 3405 1499 3476 filiam

386 3560 489 3615 suam,
515 3534 631 3614 forma,
655 3536 799 3625 ingenua
817 3532 942 3616 indole,
961 3534 1202 3627 virtutibusque
1219 3531 1416 3626 praeditam,
1436 3535 1499 3600 rite

325 3655 436 3727 atilli
460 3660 496 3723 in
520 3660 766 3724 matrimonium
791 3654 893 3746 dabit
943 3656 1101 3722 Huncin
1125 3654 1263 3726 modum
1284 3654 1421 3722 illustris
1442 3657 1498 3721 lli-

388 3782 611 3874 shyasringas,
638 3771 793 3873 gras-itale
815 3778 1048 3873 praepollens,
1075 3778 1269 3874 Ltmapadi,
1284 3779 1371 3871 regis
1397 3803 1500 3872 gener

327 3905 453 3983 ²7·fiet
503 3905 599 3972 ldem
622 3907 692 3998 regi
717 3905 916 3971 Dasarathac
942 3928 1077 3997 quoque
1104 3901 1189 3970 filios
1215 3922 1384 3996 exoptatos
1408 3927 1499 3969 corn·

387 4027 520 4119 parabit
541 4031 682 4095 maximo
708 4027 887 4107 sacrificio,
914 4025 1012 4091 latice
1035 4028 1153 4119 pingui
1177 4028 1211 4091 in
1234 4025 1384 4092 altarium
1406 4028 1499 4118 ignes

326 4149 501 4220 salbam
550 4152 715 4217 Hactenus
740 4178 759 4216 a
784 4174 837 4216 me
863 4175 973 4219 sermo
995 4151 1239 4229 Sanatcumiri,
1265 4173 1366 4241 qucm
1390 4147 1447 4216 illc
1463 4150 1499 4214 in

387 4275 574 4367 sapientum
591 4295 684 4342 coetu
705 4276 944 4368 expromebat,
970 4273 1114 4342 fideliter
1132 4291 1165 4341 et
1182 4298 1222 4340 ex
1240 4271 1359 4341 ordine
1375 4291 1425 4341 est
1443 4297 1499 4340 re-

326 4395 481 4473 ²9·latus.
514 4397 633 4468 Laetus
671 4399 749 4466 iude
774 4397 994 4480 Dasarathas,
1018 4400 1162 4468 invicem
1184 4398 1392 4469 Sumantram
1415 4399 1499 4469 allo-

388 4541 498 4603 cutus,
531 4522 735 4592 Arcessitum
759 4522 1029 4617 Rishyastingae,
1063 4524 1195 4619 inquit,
1228 4521 1331 4591 susius
1356 4524 1439 4592 mibi
1463 4544 1499 4593 tn

386 4669 501 4714 narres
527 4644 634 4714 selim.

806 4778 1081 4793 m
