3609 5817
267 771 270 784 .
371 660 425 741 to
716 650 805 734 Lm.
838 644 871 733 1.
910 642 1012 737 Car·
1046 644 1124 734 IX.

369 894 432 962 per
465 869 611 960 speciem
641 884 740 932 statae
775 862 946 932 cuiusdam
977 867 1202 932 caeremoniae
1232 868 1479 961 perficiendae,

308 1006 357 1084 4¹·
370 1012 461 1059 metu
486 994 573 1057 senis
591 992 655 1057 cito
672 989 715 1056 ad
732 990 915 1056 discessum
930 988 1073 1054 anianum
1093 1008 1334 1059 converterunt.
1369 955 1479 1079 Quium

369 1119 464 1211 prius
488 1139 654 1183 secessum
681 1140 792 1195 suum,
819 1138 921 1207 quern
936 1111 1152 1193 simulabant,
1177 1113 1383 1211 haudlonge
1400 1116 1483 1184 inde

371 1260 561 1323 remotum,
594 1242 625 1306 ci
652 1238 870 1321 indicassent,
899 1236 1045 1305 ¹occultis
1070 1238 1254 1303 tramitibus
1278 1239 1410 1322 abiere,
1437 1240 1482 1307 de

308 1379 358 1458 4²·
371 1365 481 1433 reditu
500 1365 603 1457 patris
621 1362 789 1431 sollicitae.
829 1363 958 1447 Quibus
975 1361 1065 1426 hunc
1088 1362 1123 1425 in
1148 1359 1285 1426 modum
1311 1361 1481 1455 proiectis,

371 1491 619 1583 Rishyasringas
644 1488 857 1554 vehementer
883 1502 1083 1564 commotus,
1110 1486 1228 1550 mentis
1248 1509 1316 1551 non
1341 1483 1481 1579 amplius

309 1629 359 1707 43,
373 1637 531 1705 compos,
557 1610 725 1678 desiderio
748 1636 864 1703 aeger,
885 1609 952 1673 huc
979 1604 1060 1671 illue
1086 1607 1204 1699 vagari.
1255 1609 1336 1674 Mox
1360 1605 1403 1673 ad
1424 1608 1483 1694 up

372 1737 567 1802 bitationem
593 1758 685 1798 suam
704 1756 854 1798 reversus
869 1728 1090 1823 Casyapides‚
1115 1754 1220 1821 quum
1239 1723 1508 1802 adolescentem

309 1860 361 1935 44.
375 1852 633 1950 cogitabundum
655 1854 890 1946 turbatumque
916 1851 1068 1932 vidisset,
1096 1853 1257 1945 quaesivit
1281 1877 1321 1918 ex
1338 1876 1399 1935 eo,
1424 1837 1525 1942 ctb'

374 2006 502 2049 senon
528 1980 691 2046 salutaret.
742 1975 876 2055 Hodie,
901 1977 1031 2069 inquit,
1066 1997 1220 2040 curarum
1241 1977 1336 2068 qussi
1359 2001 1485 2044 oceano

312 2104 548 2182 immersum,
581 2099 707 2179 filiole,
745 2117 775 2163 te
802 2122 913 2164 cerno.
964 2098 1143 2190 Nunquam
1177 2123 1255 2165 sane
1286 2098 1486 2191 religionum

377 2225 520 2292 cultores
553 2223 651 2289 talem
677 2220 828 2286 habitum
852 2246 934 2313 prae
960 2245 995 2286 se
1025 2220 1144 2287 lerunt.
1195 2220 1380 2288 Confestim
1402 2222 1490 2317 ᾗ

311 2351 360 2427 46.
375 2373 488 2428 narra,
515 2370 658 2439 quanam
683 2370 720 2409 re
746 2345 828 2410 haec
853 2344 988 2409 mutatio
1011 2344 1053 2409 sit
1076 2345 1199 2413 effecta.
1237 2347 1286 2416 Ita
1305 2309 1487 2441 οοωρῧὶ

375 2494 426 2544 tus
452 2498 469 2537 a
491 2467 679 2563 Casyapide
706 2465 900 2535 adolescens
924 2468 1013 2558 patri
1039 2493 1185 2536 caussam
1205 2470 1391 2541 declaravit
1425 2474 1488 2542 vir

323 2671 327 2676 ¹
374 2591 582 2673 venerande,
609 2593 672 2674 ait,
698 2594 853 2658 visisunt
872 2593 927 2656 hic
946 2618 964 2657 a
982 2616 1035 2658 me
1055 2595 1207 2661 homines
1230 2594 1361 2665 decoris
1381 2595 1487 2665 oculis

313 2711 364 2793 ⁴7·
376 2718 542 2807 insignes,
567 2714 626 2805 qui
651 2716 845 2807 pectoribus
863 2700 1050 2784 tenerrimis
1068 2720 1188 2784 mirurn
1207 2719 1242 2785 in
1259 2717 1398 2787 modum
1419 2739 1489 2789 tur-

314 2851 364 2931 ⁴8.
377 2840 542 2931 gentibus,
567 2862 621 2903 me
646 2839 839 2931 attigerunt,
865 2839 1016 2934 undique
1037 2866 1151 2934 presse
1177 2841 1363 2936 amplexati.
1399 2842 1488 2911 Can·

377 2981 448 3030 tant
468 2962 597 3057 liquida
623 2986 723 3044 voce,
748 2962 858 3032 modis
880 2966 1026 3030 animum
1051 2963 1304 3050 delinientibus,
1331 2967 1489 3034 contium

378 3089 522 3154 invicem
541 3112 612 3154 sese
638 3087 860 3179 excipientes,
885 3086 1072 3179 luduntque
1091 3089 1230 3157 mirifice
1250 3115 1326 3158 eum
1345 3090 1489 3158 vibranti

316 3223 366 3308 49.
379 3212 554 3283 oculorum
580 3212 904 3306 superciliorumque
926 3231 1027 3279 motu.
1065 3212 1316 3307 Rishyasringae
1334 3236 1489 3282 sermone

378 3336 491 3405 audito
509 3338 559 3404 vir
579 3356 710 3405 sanctus
729 3355 864 3416 contra,
891 3334 1066 3428 Gigantes,
1090 3336 1214 3428 inquit,
1240 3334 1403 3402 eiusmodi
1422 3336 1490 3404 lor·

318 3470 466 3532 Sumam
495 3461 706 3544 simulantes,
739 3481 775 3529 ut
810 3461 1017 3529 castimonias
1042 3482 1176 3553 pessum
1202 3456 1303 3540 dent,
1327 3458 1390 3525 sub
1415 3483 1490 3526 cre·

375 3585 552 3679 pasculum
576 3584 798 3650 anachoretis
823 3581 986 3649 insidiari
1008 3582 1128 3647 solent.
1178 3581 1418 3676 Nequaquam,
1441 3587 1487 3651 mi

317 3706 427 3779 senti
442 3759 452 3787 ,
486 3707 554 3773 ulla
582 3708 617 3773 in
640 3708 692 3773 his
717 3705 839 3772 iiducia
873 3722 924 3770 est
953 3704 1156 3797 reponenda.
1206 3706 1344 3774 Talibus
1379 3710 1489 3778 verbis

380 3827 570 3897 adhortatus
594 3829 858 3923 Rishyasringsm
884 3826 1110 3922 Casyepides‚
1135 3850 1312 3925 postquam
1336 3833 1384 3898 ibi
1410 3859 1490 3928 per.

314 3967 367 4032 52,
381 3970 589 4034 noctaverat,
616 3952 727 4020 denuo
753 3954 787 4017 in
813 3951 928 4020 silvam
950 3977 1099 4045 egressus
1123 3973 1179 4021 est
1217 3956 1262 4022 dt
1285 3954 1341 4021 ille
1366 3960 1490 4049 postri-

380 4072 437 4139 die
462 4077 581 4141 iterum
606 4075 761 4145 festinans
788 4074 909 4144 eodem
933 4078 1100 4170 perrexit,
1127 4080 1183 4144 ubi
1209 4078 1335 4147 viderat
1361 4079 1490 4173 puellas

318 4210 367 4277 53,
379 4198 505 4266 formae
534 4218 702 4268 venustate
728 4220 762 4268 ct
785 4220 900 4269 teucro
928 4199 1029 4267 latere
1054 4203 1205 4268 nitentes.
1257 4201 1335 4273 Illae
1361 4222 1489 4285 autern,

379 4322 518 4394 simulac
544 4340 789 4417 prospexerunt
812 4346 831 4387 e
855 4320 1040 4415 longinquo
1068 4322 1273 4417 Casyapidae
1308 4342 1421 4390 natum
1445 4324 1490 4391 ad

380 4469 415 4513 se
448 4449 682 4527 accedentem,
719 4447 848 4512 obviam
875 4447 905 4511 ci
938 4446 1142 4539 prodeuntes
1180 4472 1254 4513 cum
1291 4446 1387 4514 hilari
1421 4448 1491 4514 risu

317 4563 469 4646 54th
493 4571 527 4639 in
553 4568 690 4639 modum
715 4594 789 4636 cum
815 4567 1012 4636 salutavere:
1038 4570 1145 4646 Veni,
1172 4596 1249 4663 age,
1271 4566 1408 4662 adspice
1434 4595 1488 4637 se·

379 4717 506 4761 cessum
535 4712 704 4776 nostrum,
741 4720 762 4763 o
788 4696 915 4763 invenis
942 4692 1154 4763 venerande!
1186 4694 1237 4762 lbi
1260 4716 1389 4763 summo
1412 4717 1490 4761 cum
