3609 5817
388 688 441 769 to
723 683 811 773 Lm.
843 682 875 773 1.
914 680 1147 779 Car.·XX.

324 890 371 955 ²⁶·
384 900 502 966 virtute
527 898 678 967 mascula.
730 902 815 970 Cum
841 924 982 997 qamtuor
1013 908 1104 974 hisee
1135 907 1210 975 liliis
1240 926 1305 978 tam
1335 859 1482 1006 egregiae

383 1018 505 1087 indolis
529 1046 587 1088 rex
605 1024 799 1092 Dasaratbas
819 1024 919 1119 plane
939 1027 1105 1098 referebat
1128 1034 1275 1126 speciem
1299 1027 1483 1127 mognil’ess

383 1144 503 1227 reutis,
528 1146 643 1214 muudi
672 1148 861 1218 custodibus
891 1152 1095 1221 circumdati.

798 1448 1072 1461 m

802 1738 950 1806 CAPUT
993 1739 1064 1806 XX.

627 1927 948 2020 'Vrsvsut‘mau
978 1957 1220 2037 sarsurus„

343 2227 368 2267 ¹·
479 2209 594 2276 Postea
616 2233 674 2275 rex
695 2211 914 2291 Dasarathas,
951 2214 1034 2279 recti
1058 2213 1245 2296 studiosus,
1281 2215 1378 2284 simul
1406 2240 1479 2284 eum

381 2353 493 2396 rerum
521 2330 706 2400 divinarum
737 2338 898 2429 magistris
929 2339 1141 2430 cognatisque
1167 2335 1209 2404 de
1235 2356 1386 2407 natorum
1412 2365 1479 2406 ma·

339 2453 534 2526 arimonio
567 2455 703 2524 consilia
728 2460 849 2552 agitare
875 2461 995 2556 coepit
1044 2460 1173 2529 Eodem
1197 2479 1305 2529 autem
1330 2480 1480 2557 tempore

379 2600 515 2671 magnus
540 2599 648 2663 rates,
672 2584 886 2651 Visvalmitrae
912 2580 941 2669 ι)
966 2588 1100 2653 nomine
1126 2583 1257 2667 clarus,
1281 2583 1415 2653 advenit
1437 2581 1479 2651 ad

338 2705 366 2766 3.
379 2699 587 2772 invisendum
604 2707 637 2770 iu
656 2706 737 2771 urbe
749 2704 913 2800 Ayddhya
929 2704 1131 2800 populorum
1146 2708 1346 2801 principem.-
1374 2705 1479 2772 Huius

379 2829 440 2897 viri
464 2827 610 2922 religiosi
632 2854 669 2895 ac
695 2832 850 2923 sapientis
872 2832 1029 2897 nimirum
1048 2830 1246 2898 sacrificium
1261 2829 1400 2925 aliquod
1417 2829 1479 2896 im·

377 2949 591 3044 pediebatur,
617 2972 653 3019 ut
670 2951 826 3019 traditum
843 2971 909 3036 est,
935 2980 952 3019 a
971 2955 1174 3047 gigantibus,
1198 2953 1400 3049 praestigiis,
1422 2978 1479 3019 au·

335 3076 364 3159 4.
378 3074 472 3143 dacia
496 3093 530 3143 et
554 3077 677 3145 robore
701 3077 930 3146 insolentibus.
968 3078 1069 3146 Cuius
1095 3077 1249 3146 sacrificii
1270 3075 1385 3145 tuendi
1404 3102 1478 3170 gra-

377 3202 421 3268 tia
451 3224 564 3294 regem
595 3203 736 3270 invisere
769 3202 924 3296 cupiebat
953 3201 1169 3283 anachoreta,
1205 3197 1478 3295 quandoquidem

335 3323 471 3398 &nullo
499 3324 601 3393 modo
633 3327 704 3393 sine
734 3325 973 3420 impedimento
1004 3323 1099 3394 litare
1130 3324 1268 3393 valebat
1326 3320 1477 3419 Cupidus

377 3450 477 3542 igitur
491 3475 604 3546 regem
621 3449 776 3532 adeundi,
797 3448 1008 3545 compellavit
1027 3449 1182 3517 ianitores
1200 3445 1367 3517 custodiae
1378 3471 1477 3542 prae·

377 3577 521 3669 positos:
554 3576 709 3643 Nuntiate
734 3577 827 3669 regi,
861 3599 938 3655 me,
972 3571 1098 3639 Gsdhis
1130 3570 1259 3655 filium,
1294 3569 1474 3640 advenisse.

334 3701 365 3770 6.
378 3696 538 3766 Sermone
563 3699 633 3765 eius
658 3696 787 3778 audito,
809 3721 923 3764 omnes
949 3695 1161 3764 vehementer
1186 3697 1341 3766 commoti
1360 3693 1403 3762 ad
1422 3720 1475 3763 re-

335 3854 364 3917 7.
377 3822 426 3913 gis
446 3820 635 3887 cubiculum
652 3844 853 3914 properare,
879 3819 935 3886 tali
954 3817 1107 3887 mandato
1133 3821 1240 3890 exciti.
1275 3820 1406 3886 Atrium
1423 3842 1476 3885 rc·

376 3944 449 4039 gale
470 3946 632 4039 ingressi,
662 3942 817 4011 inclinato
844 3967 986 4038 corpore
1008 3942 1172 4011 adstantes
1197 3943 1391 4010 nuntiarunt
1415 3940 1476 4010 do·

333 4069 483 4152 8.mino,
508 4069 678 4138 advenisse
694 4095 848 4164 magnum
868 4070 1097 4136 anachoretam
1114 4068 1354 4136 Visrdmitram.
1386 4067 1475 4134 Tum

374 4218 434 4262 rex
455 4194 651 4261 Dasarathas
681 4218 756 4261 cum
786 4192 944 4260 ministris
968 4194 1034 4261 suis
1059 4206 1093 4259 et
1118 4192 1260 4261 antistite
1291 4188 1475 4296 domestico

416 4449 450 4526 l)
470 4449 674 4514 Visvtmitrae
704 4452 767 4514 sata
783 4460 827 4514 ‘et
855 4472 903 4513 res
928 4460 1030 4535 gestae
1058 4450 1122 4514 lose
1145 4448 1360 4513 narrabuntur
1386 4444 1476 4510 baias

497 4550 569 4612 libri
590 4569 660 4633 cap.
672 4549 867 4613 Lt-va.
900 4549 1024 4614 Pariter
1044 4574 1081 4613 ac
1100 4549 1275 4613 Vasishthas
1297 4548 1378 4610 inter
1394 4556 1476 4608 vates

494 4647 657 4713 Vbdorum
679 4660 821 4712 auctores
842 4651 988 4717 ttkrtur.
1029 4652 1183 4735 Hymnum
1200 4650 1264 4710 cius
1283 4647 1408 4711 nontinc
1428 4647 1476 4710 iu.

496 4748 647 4830 seriptum
665 4750 762 4814 edidit
781 4752 936 4827 Restatis,
956 4752 1041 4814 ltre-
1054 4772 1121 4817 ran.
1140 4751 1229 4814 Sese.
1249 4771 1280 4832 p.
1300 4748 1350 4810 ¹2.
