3609 5817
593 739 927 830 Dtscnnutoou
956 766 1166 831 rotomo.
1381 758 1435 838 85

335 975 381 1022 tur
407 974 564 1048 tanquam
586 954 766 1037 Stblnunr,
791 960 885 1049 qaaasi
911 962 976 1050 ipsi
1001 960 1112 1027 forent
1136 965 1292 1052 geminati
1316 963 1438 1033 Cumi-

334 1078 429 1165 riv),
456 1105 494 1144 ca
520 1081 618 1171 igneo
643 1083 769 1148 semine
796 1085 970 1175 procreati.
1006 1083 1074 1167 Qui
1095 1108 1198 1178 quum
1222 1084 1335 1180 paullo
1363 1090 1438 1181 plna
1456 1118 1500 1163 ιο.

335 1202 470 1270 dimidio
496 1227 678 1297 parasange
702 1206 737 1270 iu
764 1205 896 1271 australi
923 1207 1065 1301 Sarayds
1089 1211 1162 1302 ripa
1188 1213 1437 1302 processissent,

333 1327 539 1393 t'isvtmiuas
559 1331 648 1395 suavi
668 1354 747 1395 voce
762 1330 895 1395 llaimam
921 1331 1033 1399 allatus
1055 1353 1120 1414 cst,
1146 1335 1340 1400 nominatim
1361 1357 1438 1399 eum

333 1446 548 1542 compellans:
574 1451 624 1515 oli
649 1448 750 1517 filiole
774 1450 894 1517 Raima!
920 1479 1004 1546 aqua
1029 1456 1137 1521 statim
1159 1458 1219 1522 rite
1247 1475 1278 1523 te
1305 1453 1435 1522 lustrari
1453 1487 1499 1527 ra.

331 1592 466 1665 oportet
502 1572 651 1640 Salutate
677 1571 760 1666 quid
785 1575 845 1640 tibi
873 1579 1157 1646 commonstrabo:
1186 1576 1367 1646 curandum
1388 1597 1436 1645 est

331 1721 367 1763 oe
394 1715 524 1790 tempus
551 1716 777 1789 opportunum
804 1717 998 1794 praetereat
1033 1703 1160 1795 Accipe
1189 1722 1224 1769 tu
1250 1704 1434 1768 carminum
1451 1730 1495 1771 ta.

331 1816 554 1910 complexum,
581 1846 667 1913 quae
687 1823 882 1888 Potcenrn
909 1841 941 1887 et
961 1824 1240 1890 Purerotceurta
1268 1826 1432 1893 dicuntur.

329 1940 398 2007 bon
424 1939 558 2008 invadet
578 1959 610 2007 te
634 1939 816 2021 lassitudo,
847 1967 910 2008 nec
936 1943 1086 2023 scnium,
1120 1969 1182 2009 nec
1206 1947 1494 2014 membrorumai.

328 2061 538 2148 deformitas3
576 2091 685 2158 neque
711 2083 743 2131 te
769 2068 915 2159 sopitum
938 2065 1155 2133 socordemve
1181 2065 1313 2135 laedere
1336 2091 1432 2162 pote-

327 2206 399 2255 mnt
424 2208 586 2256 nocturna
608 2208 780 2282 portenta3
806 2215 873 2257 non
901 2191 960 2257 tibi
986 2191 1201 2258 brachiorum
1224 2193 1346 2259 robore
1371 2218 1432 2286 par
1449 2204 1493 2285 ¹4·

327 2329 372 2378 cat
396 2315 572 2405 quisquam
595 2339 657 2407 per
682 2315 799 2381 orbem
813 2333 1011 2393 terrarum,
1044 2336 1107 2380 nec
1132 2313 1229 2380 facilc
1255 2318 1431 2409 quisquam

327 2436 506 2501 invenietur
527 2435 578 2502 vel
600 2438 634 2501 in
657 2436 782 2529 triplici
802 2436 945 2518 mundo,
973 2435 1107 2531 quando
1126 2455 1180 2516 tu,
1208 2437 1429 2530 ollegbuidc,

266 2641 268 2648 Ι
324 2556 515 2626 Pollentiam
549 2586 586 2627 ac
615 2560 892 2653 praepollentium
924 2565 1121 2630 recitaveris.
1179 2560 1254 2626 Non
1287 2558 1427 2640 decore,
1446 2561 1489 2623 15.

326 2707 387 2750 uon
406 2683 618 2767 dexteritate,
644 2711 712 2752 non
730 2686 880 2753 doctrina
908 2683 1162 2752 consiliornmve
1183 2684 1332 2765 delectu,
1359 2706 1427 2750 non

324 2812 488 2902 responsis
521 2812 776 2903 expromendia,
816 2814 989 2904 qnisquam
1016 2814 1050 2876 in
1076 2811 1140 2877 boc
1167 2810 1248 2875 orbe
1275 2826 1322 2886 te,
1349 2832 1426 2874 can·

323 2932 397 3000 dide
429 2931 640 3013 adolescens,
671 2934 834 3026 aequabit
887 2933 1062 2999 Gentiuam
1094 2934 1179 2999 banc
1215 2928 1428 3022 disciplina!
1443 2929 1488 2995 16.

323 3076 451 3132 nactus.
484 3080 667 3148 perennem
693 3082 828 3149 quoquc
854 3057 993 3150 glorium
1020 3082 1054 3121 cs
1081 3054 1284 3147 adepturus:
1320 3056 1425 3119 enim·

323 3204 395 3249 vero
421 3179 584 3247 Pollentia
609 3198 642 3247 et
664 3177 908 3271 praepollentia
934 3199 1009 3246 sont
1034 3198 1155 3247 matres
1181 3178 1359 3269 sapientiae
1384 3200 1422 3241 ac

322 3301 524 3396 prudentiae.
574 3305 674 3370 Fame
700 3302 751 3368 rel
777 3305 848 3384 siti,
875 3328 894 3368 o
917 3301 1105 3395 llnglauide,
1130 3320 1162 3366 tc
1183 3320 1353 3390 uunquam
1376 3298 1423 3362 la·
1440 3328 1486 3389 η.

322 3426 511 3494 boraturum
529 3451 611 3504 esse,
637 3451 831 3520 persuasum
849 3425 987 3507 habeam
1013 3423 1055 3489 ad
1080 3423 1296 3488 firmissimam
1312 3422 1423 3486 statio-

322 3573 391 3615 nem
413 3553 448 3616 in
474 3549 597 3642 triplici
622 3550 747 3618 mundo
774 3552 957 3643 pervenies.
994 3547 1157 3612 Nimirum
1183 3546 1245 3610 hoe
1271 3541 1482 3635 discipli-18.

322 3696 376 3738 uae
401 3676 512 3766 magni
539 3675 685 3740 Parentis
712 3692 788 3740 aunt
818 3673 929 3753 filiae3
967 3689 1001 3737 tu
1026 3685 1157 3748 autem,
1189 3662 1419 3743 Cacutstlride,

322 3816 352 3859 ca
372 3819 425 3861 ras
451 3796 627 3875 idoneum,
654 3821 721 3888 quo
746 3796 861 3861 ambae
886 3796 1100 3886 recipiantur.
1138 3794 1246 3876 Quum
1267 3809 1301 3857 tu
1323 3814 1419 3881 pree·
1437 3810 1481 3874 '9

323 3913 402 3983 ditus
427 3919 471 3984 ais
493 3919 666 3985 virtutibus
693 3916 812 3983 divinis
831 3942 871 3983 ex
896 3915 1010 3983 indole
1041 3935 1096 3983 tua
1123 3918 1243 3992 enatis,
1269 3911 1419 3980 dotibus·

323 4065 380 4131 qne
405 4058 576 4134 praeterea
604 4041 943 4135 incomparabilibus,
975 4060 1045 4107 tum
1070 4041 1130 4106 bae
1155 4038 1352 4132 disciplinae
1373 4037 1417 4113 ad

323 4165 471 4228 maiorem
497 4163 725 4231 excellentiam
750 4167 884 4232 virtutes
910 4184 980 4232 tuas
1006 4162 1166 4230 excolent
1206 4162 1336 4229 Deinde
1356 4163 1478 4257 lli-¹⁰·

324 4305 383 4350 maa
416 4312 499 4379 aqna
531 4285 708 4366 lustratos,
745 4290 865 4355 iunctis
891 4290 1042 4355 menibus
1073 4287 1240 4354 humiliter
1269 4286 1416 4365 adsum,

357 4572 389 4645 l)
414 4573 609 4633 Vocabulum
632 4575 793 4646 liumrlrn,
823 4596 928 4656 puer,
957 4574 1085 4634 obiitin
1117 4594 1228 4633 nomen
1253 4569 1416 4652 propitium

434 4671 589 4743 Helicen,
611 4674 763 4735 bellorum
778 4673 943 4757 praeaidis,
965 4675 1003 4734 (le
1017 4673 1102 4733 carius
1118 4673 1269 4736 natalibus
1291 4672 1328 4731 at.
1348 4668 1377 4732 b.
1395 4671 1414 4733 l.

431 4777 502 4834 Cat.
525 4771 704 4837 millu.
