3609 5817
360 759 437 842 '54
711 751 798 837 lna.
822 720 866 835 l.
902 743 1003 837 Chr.
1033 744 1163 835 Xlll.

321 994 370 1035 na.
384 968 540 1053 Quotidie
565 968 612 1033 ibi
636 968 671 1033 in
695 966 854 1034 sacrificio
880 962 1068 1034 sacerdotes
1094 959 1194 1058 periti
1211 982 1344 1031 cunctas
1372 989 1482 1031 eaere-

383 1092 510 1159 monias
532 1088 735 1185 peragebant
755 1113 773 1153 e
792 1087 989 1184 disciplinae
1011 1109 1120 1155 sact'ae
1138 1085 1335 1180 praeceptis.
1367 1084 1483 1155 Nullas

323 1216 520 1291 23.0mnino
538 1212 740 1279 Brachmana
761 1209 876 1281 aderat
899 1216 935 1280 in
963 1233 1118 1280 consessu
1141 1210 1245 1303 regie,
1276 1210 1358 1302 (prin
1382 1207 1484 1277 libros

385 1360 496 1403 sacros
521 1335 653 1428 penitus
684 1353 811 1416 nosset,
843 1352 877 1401 et
901 1360 958 1402 sex
985 1330 1151 1400 doctrinas
1176 1331 1389 1400 subsidiarias
1414 1330 1483 1401 edl-

384 1454 536 1538 dicisset;
561 1454 672 1522 nullus
698 1473 753 1522 aut
776 1454 995 1549 irreligiosus,
1021 1471 1076 1521 aut
1099 1452 1253 1519 secundia
1279 1452 1461 1523 destitutus.

322 1583 372 1665 al.
482 1580 593 1661 Quum
616 1595 813 1670 perventum
838 1592 924 1642 esset
947 1573 991 1641 ad
1016 1577 1216 1641 erectionem
1241 1570 1484 1656 columnarum,

385 1702 506 1795 quibus
530 1702 656 1768 hostiae
680 1695 806 1792 alligari
831 1697 955 1778 solent,
981 1695 1068 1764 allati
1095 1714 1170 1763 sunt
1196 1721 1252 1763 sex
1277 1698 1406 1790 stipites
1427 1697 1486 1764 cil·

385 1848 520 1901 vorum,
551 1846 608 1891 sex
634 1820 872 1897 hhadiroram,
903 1819 1108 1913 totidemque
1138 1820 1355 1912 puldrorum,
1385 1843 1485 1914 porro

323 1954 371 2017 25.
384 1945 505 2041 singuli
529 1952 638 2018 trunci
663 1950 745 2018 ficus
766 1948 982 2044 glomeratae,
1019 1947 1147 2017 arboris
1169 1943 1419 2030 sttstmarteae,
1453 1966 1485 2015 et

384 2072 483 2165 pinus
505 2066 715 2152 devaddrits,
740 2095 758 2138 e
781 2071 902 2163 quibus
928 2069 994 2137 duo
1020 2087 1086 2136 tam
1108 2071 1208 2140 crassi
1229 2087 1338 2149 erant,
1363 2086 1401 2137 ut
1418 2095 1485 2137 am·

323 2194 505 2261 amborum
534 2194 748 2260 brachiorum
780 2192 969 2286 amplexum
1000 2190 1208 2258 excederent.
1265 2190 1392 2260 Omnes
1424 2192 1485 2261 hae

385 2315 558 2384 columnae
576 2315 697 2384 affabre
716 2317 818 2385 laetae
841 2334 936 2384 erant
957 2341 1034 2383 cura
1056 2317 1211 2397 virorum,
1232 2316 1291 2409 qui
1307 2333 1486 2411 praecepte

384 2437 426 2505 de
443 2440 543 2506 sacris
561 2438 723 2508 faciundis
748 2440 856 2533 probe
882 2438 1062 2520 callebant,
1088 2457 1121 2507 et
1145 2437 1188 2505 ad
1211 2440 1486 2533 magnificentiam

320 2576 368 2639 27·
383 2559 570 2627 solennium
604 2560 789 2654 augendam
819 2564 994 2629 inauratae.
1052 2560 1154 2628 Erant
1184 2563 1284 2654 igitur
1314 2561 1485 2632 columnee

381 2684 495 2776 viginti
522 2709 586 2750 una
607 2708 769 2766 numero,
802 2684 885 2754 altae
911 2688 1025 2779 viginti
1050 2688 1145 2752 unius
1169 2686 1355 2753 cubitorum
1363 2737 1374 2767 ,
1406 2708 1485 2755 con·

381 2801 555 2872 decoratae
587 2806 707 2875 aulaeis
738 2808 863 2875 vicenis
895 2826 928 2875 et
959 2833 1025 2876 uno
1064 2808 1251 2903 singulatim
1282 2806 1484 2892 distributis,

318 2922 368 2988 28.
382 2948 496 2994 omnes
528 2928 613 2996 iusto
645 2928 763 2999 ordine
795 2928 993 3024 dispositae,
1026 2950 1059 2999 et
1083 2959 1102 2998 a
1125 2932 1227 2999 fabris
1251 2931 1391 3000 firmiter
1413 2929 1483 3000 solo

379 3048 524 3133 infixae3
567 3051 759 3146 octsngulae
795 3054 921 3146 pariter
951 3070 984 3120 et
1016 3055 1111 3121 tereti
1143 3052 1247 3120 forms
1286 3051 1480 3121 elaboratae.

317 3180 367 3246 ²9»
379 3170 449 3239 llae
475 3170 666 3257 columnae,
691 3172 813 3243 aulaeis
838 3176 1061 3257 inumbratos,
1092 3175 1230 3242 floribus
1255 3173 1480 3272 odoribusque

379 3294 629 3379 cohonestatae,
654 3293 878 3392 splendebant
894 3299 990 3365 sicuti
1008 3299 1043 3364 in
1062 3296 1156 3365 coelo
1182 3296 1331 3366 lucidum
1355 3316 1481 3393 septem

379 3477 643 3499 ψ*

497 3585 528 3646 in
546 3586 773 3648 Brachmanum
792 3596 902 3665 coetu,
925 3596 957 3648 et
972 3588 1146 3648 fraternum
1162 3588 1247 3669 quasi
1263 3584 1372 3647 foedus
1389 3584 1479 3647 theo-

496 3686 597 3768 logiae
616 3706 689 3756 cum
708 3685 921 3768 philosophia;
944 3706 1040 3767 qaum
1059 3684 1270 3767 quarumlibet
1295 3682 1480 3767 religionum

494 3784 672 3847 sacerdotes
700 3806 812 3866 parurn
836 3785 1022 3869 plerumque
1049 3784 1236 3867 philosophis
1262 3785 1384 3862 lavere,
1418 3784 1479 3844 imo

494 3884 694 3946 infensissimo
717 3884 791 3946 odio
812 3906 866 3946 cos
887 3885 1044 3946 interdum
1065 3885 1225 3963 insectari,
1257 3896 1323 3946 tum
1350 3882 1479 3946 historia

494 3991 639 4061 testetur,
672 3991 739 4045 tum
764 3984 951 4066 experientia
983 4006 1038 4047 nos
1070 3984 1189 4052 doceat.
1233 3984 1265 4046 Si
1296 3983 1364 4070 quis
1395 3985 1479 4045 t'orts

491 4090 610 4144 tantam
626 4083 821 4168 ingeniorum
837 4084 1034 4146 subtilitatem
1052 4088 1152 4168 prisco
1169 4107 1246 4146 aevo
1262 4083 1387 4145 minime
1402 4105 1478 4145 con·

490 4189 667 4243 sentaneam
688 4183 878 4262 arbitratur,
901 4185 1008 4247 audiat
1026 4187 1153 4247 Manum
1174 4185 1394 4246 dehortantem
1413 4182 1475 4244 dis-

490 4280 611 4361 cipulos
631 4305 650 4342 a
678 4283 809 4345 lectione
839 4283 995 4346 librorum
1025 4284 1330 4367 philosophicorum,
1361 4281 1474 4367 quibus

490 4377 651 4442 doctrinae
666 4403 772 4445 sacrae
788 4384 958 4445 auctoritas
973 4386 1179 4446 convellatur.
1197 4387 1257 4446 Da.
1269 4385 1303 4445 S.
1321 4385 1359 4461 ll,
1378 4383 1475 4450 ii.-

488 4480 637 4541 Ceterum
652 4480 843 4545 diversarum
855 4484 1022 4547 lirimc'idos
1043 4485 1258 4545 recensionum
1278 4483 1399 4544 codices
1417 4503 1473 4565 pa·

488 4580 565 4641 riter
586 4578 648 4641 hoc
670 4580 822 4644 distichon
850 4582 1013 4644 exhibent:
1046 4583 1192 4643 habemus
1216 4583 1312 4665 igitur
1333 4582 1471 4645 testimo-

489 4677 575 4742 nium
595 4678 656 4741 lide
678 4678 884 4764 dignissimum
903 4682 943 4745 de
963 4682 1148 4767 antiquitate
1160 4680 1374 4767 philosophiae
1388 4679 1470 4768 apud

491 4777 593 4842 ludos.
