3609 5817
393 766 476 852 ott
728 761 816 850 Lm.
836 757 899 851 ΙΙ.
928 753 1029 850 Car.
1050 754 1132 852 lv.

391 1005 483 1048 mens
505 1003 577 1047 mea
611 976 761 1074 nondum
792 980 929 1061 titubat,
961 1003 982 1047 o
1012 973 1204 1073 Raglruide,
1239 972 1435 1045 iamdudum
1458 995 1494 1046 tn

391 1130 426 1172 cs
453 1103 707 1172 consecrandus.
746 1104 833 1174 Sane
857 1103 1024 1172 mutabilis
1049 1121 1099 1171 est
1121 1099 1310 1171 mortalium
1333 1101 1494 1172 voluntas.

329 1253 377 1298 ro.
390 1227 499 1297 Hodie
524 1225 603 1295 luna
628 1231 767 1297 accessit
791 1226 835 1295 ad
859 1230 1065 1296 asterismum
1086 1231 1320 1308 Ponanvtsntr,
1345 1228 1406 1322 qni
1428 1230 1493 1296 Pn-

390 1377 490 1420 snrun
517 1352 669 1444 proximo
692 1350 879 1443 praecedit:
915 1377 986 1419 cras
1022 1353 1290 1421 coniunctionem
1322 1377 1401 1420 curn
1427 1353 1495 1422 Ps-

389 1500 463 1543 srno
498 1474 654 1568 astrologi
686 1474 828 1542 latorum
865 1476 959 1569 gnari
993 1474 1175 1542 certissime
1208 1471 1429 1544 declarabunt
1451 1475 1494 1562 ⁸).

327 1598 459 1670 nesab
495 1597 619 1666 eodem
649 1601 817 1667 asterismo
853 1616 889 1665 tu
924 1624 959 1666 es
987 1596 1252 1666 consecrandufl
1277 1625 1371 1668 mens
1395 1625 1512 1708 prae,

386 1747 461 1814 saga
486 1720 530 1788 ad
554 1721 787 1808 Isestinandum
813 1749 868 1791 me
900 1721 1054 1816 impellit.
1080 1745 1101 1784 a
1117 1721 1200 1788 Cras
1226 1744 1287 1817 ego
1313 1739 1347 1790 te
1374 1707 1493 1795 effle-

386 1844 488 1911 crabo
531 1841 574 1909 ad
613 1846 816 1912 consortium
850 1844 1001 1937 imperii,
1042 1867 1062 1910 o
1105 1843 1251 1910 hostiurn
1286 1844 1491 1938 profligator.

325 1967 493 2048 22.Quam
518 1964 562 2032 ob
586 1989 742 2049 caussam,
768 1993 787 2032 a
810 1967 979 2060 praesenti
1002 1945 1090 2032 inde'
1105 1983 1287 2050 momento,
1311 1991 1380 2036 nox
1402 1968 1492 2038 inse-

384 2113 490 2181 quens
524 2087 585 2154 tibi
611 2088 720 2154 animo
757 2087 942 2179 composito
968 2112 1044 2153 cnm
1070 2088 1211 2182 coniuge
1234 2104 1290 2156 tna
1310 2091 1348 2158 in
1371 2091 1493 2158 verbe-

323 2220 446 2285 23.nae
471 2228 573 2279 strato
599 2211 732 2280 culinti
757 2212 882 2312 ieiunio
909 2228 959 2278 est
984 2210 1222 2306 pervigilando.
1269 2212 1381 2282 Amici
1405 2235 1492 2308 qno-

383 2361 449 2429 que
474 2336 509 2402 in
535 2334 603 2402 hoc
627 2356 730 2399 unum
753 2333 874 2400 intenti
899 2330 1002 2399 hodie
1026 2331 1177 2426 undique
1201 2350 1236 2400 te
1262 2329 1489 2402 custodinnto:

380 2460 506 2527 etenim
518 2456 629 2526 multis
642 2453 890 2549 impedimentis
915 2455 1080 2524 eiusmodi
1094 2449 1227 2552 negltia
1239 2473 1318 2524 snut
1336 2455 1489 2526 obnoxia.

320 2578 369 2658 ²·l·
383 2565 522 2646 Inierim
548 2577 628 2645 dum
653 2575 764 2644 adhuc
781 2576 936 2646 Bharatas
961 2575 1059 2670 longe
1083 2595 1229 2644 remotus
1254 2577 1298 2646 ab
1316 2577 1382 2650 hac
1403 2581 1490 2648 urhe

384 2718 543 2780 moratur,
568 2724 632 2792 per
657 2699 722 2767 hoe
746 2701 856 2793 ipsum
880 2704 1040 2793 temporis
1065 2700 1275 2770 intervallum
1299 2722 1488 2799 opportuna

319 2826 368 2888 25.
382 2820 465 2884 ruihi
488 2820 693 2911 inauguratio
715 2839 770 2944 tup
784 2824 852 2888 visa
872 2842 930 2890 est.
954 2825 1110 2890 Fortasse
1133 2822 1271 2918 quidem
1290 2825 1395 2896 frater
1414 2845 1488 2896 tnus

382 2941 539 3010 Bharatas
568 2944 603 3008 in
637 2943 857 3014 honestorum
893 2946 1042 3014 moribus
1077 2965 1284 3041 perseverat,
1324 2951 1487 3020 officiosus

383 3088 460 3157 qa
490 3064 628 3133 fratrem
652 3085 731 3134 natu
758 3068 954 3150 maximum,
987 3070 1107 3152 instns,
1138 3072 1246 3153 mitis,
1279 3089 1484 3166 temperans:

317 3192 368 3260 26.
382 3206 525 3256 attamen
554 3213 670 3257 sensus
698 3191 872 3258 hominurn
905 3211 955 3260 est
987 3192 1169 3277 instabilis,
1207 3195 1256 3262 sie
1291 3219 1486 3287 persuasum

381 3311 506 3394 habeo,
546 3331 581 3379 et
608 3312 825 3380 honestorum
854 3315 894 3404 in
920 3315 1026 3382 officio
1057 3315 1325 3406 permanentium
1361 3317 1485 3382 animus

316 3463 366 3526 27.
381 3439 461 3531 ipsis
494 3438 588 3506 sactis
628 3435 766 3504 demum
800 3436 962 3506 clarescit
1021 3438 1070 3506 lta
1103 3437 1321 3532 compellatus
1351 3439 1485 3520 Rimas,

379 3561 501 3653 bisque
530 3561 639 3628 verbis
669 3547 839 3630 ‹limissus:
871 3563 974 3645 arabi,
1004 3583 1104 3656 atquc
1136 3564 1381 3656 inaugurationi
1412 3589 1483 3632 orta

381 3698 473 3748 certo
500 3678 629 3748 futurae
656 3699 689 3748 tc
715 3708 831 3776 parant
858 3701 991 3776 patrem
1015 3704 1188 3753 veneratus
1213 3683 1353 3753 domum
1375 3685 1482 3754 rediit.

315 3799 365 3864 28·
380 3805 444 3872 Vix
469 3823 579 3872 autem
609 3806 736 3873 intratis
767 3805 907 3874 aedibus
934 3825 1012 3900 post
1035 3811 1138 3901 patris
1165 3807 1341 3881 decretum
1363 3809 1408 3880 de
1431 3813 1481 3880 in·

380 3929 608 4020 auguratione,
635 3929 755 3999 coelem
779 3933 939 4024 temporis
972 3953 1140 4002 momento
1168 3959 1322 4030 egressus
1347 3933 1393 4002 etl
1415 3959 1483 4002 ma·

316 4055 438 4247 ‘tris
470 4079 678 4148 gynaeceum
713 4079 750 4120 se
785 4052 934 4120 contulit.
996 4055 1048 4121 lbi
1083 4060 1256 4150 conspexit
1288 4057 1483 4150 genitricem

403 4205 466 4246 nea
490 4197 579 4246 vesto
604 4175 763 4259 indutam,
788 4193 989 4270 prostratam
1011 4179 1045 4244 in
1071 4177 1211 4247 deorum
1234 4178 1378 4264 sacello,
1402 4203 1483 4248 roee

317 4312 364 4376 50.
379 4325 570 4395 compressa
609 4297 742 4366 felicem
778 4317 932 4366 eventum
972 4300 1220 4394 deprecantem.
1285 4303 1355 4372 Iam
1390 4323 1483 4372 anm

339 4421 497 4588 «dem
532 4423 711 4491 advenerat
741 4423 901 4505 sumina,
943 4407 1140 4519 pariterque
1173 4429 1378 4512 Larmanns3
1414 4427 1482 4496 stu

508 4639 512 4648 .

438 4710 467 4789 2)
490 4712 578 4786 Quae
599 4712 777 4774 adnotanda
797 4720 887 4773 crant
905 4713 945 4774 ad
966 4711 1049 4774 huuc
1071 4715 1184 4794 locum,
1201 4715 1295 4780 reieci
1311 4715 1343 4778 in
1363 4713 1486 4780 Brae-

499 4830 562 4870 nrm
584 4811 623 4871 ael
645 4811 760 4874 calcem
782 4813 871 4874 huius
892 4812 1010 4895 capitis.
