3609 5817
456 746 538 829 stt
812 739 901 827 Lsu.
938 736 973 825 1.
1010 733 1113 827 Car.
1142 734 1264 832 LVI.

451 958 614 1022 manicam
649 957 813 1022 ecrauiis
849 973 1034 1025 contextam
1056 954 1093 1039 ¹).
1156 954 1246 1021 Haec
1285 950 1366 1035 teia,
1390 969 1553 1047 quotquot

397 1078 564 1160 13.eraut,
587 1078 728 1146 coniecit
752 1075 810 1144 ille
834 1079 870 1144 iu
899 1075 1111 1145 Vasishtham
1136 1076 1339 1170 piissimum,
1363 1075 1409 1143 ita
1432 1093 1470 1144 ut
1491 1076 1554 1142 mi·

451 1195 556 1266 raculi
579 1201 682 1267 instar
715 1219 815 1268 essct:
846 1219 879 1270 at
903 1200 1021 1268 eudem
1044 1199 1197 1268 universa
1227 1197 1442 1267 brachmanis
1465 1195 1552 1267 filius

394 1322 582 1415 sdsceptro
612 1347 671 1390 suo
705 1317 849 1391 devorat
900 1321 1028 1407 Quibus
1062 1321 1230 1390 exstinctis
1257 1319 1551 1416 Gddheiaproles

450 1446 593 1512 coniecit
612 1446 826 1512 Brachmauis
851 1443 974 1530 telum3
1000 1443 1219 1538 quodquam
1243 1460 1454 1538 expromtusn
1479 1467 1556 1520 eer·,

392 1561 584 1650 timerent,
606 1565 728 1661 Superi
754 1593 829 1634 eum
854 1566 940 1634 duce
965 1591 1023 1634 sao
1045 1568 1147 1659 Igne,
1174 1566 1332 1636 coelestes
1357 1565 1550 1663 Sapientes,

445 1685 615 1756 Fidiciues
639 1692 816 1783 magnique
842 1689 1021 1785 Serpentes
1047 1692 1247 1758 consternati
1279 1691 1391 1776 suere3
1417 1707 1549 1759 contre·

392 1801 437 1873 tb.
446 1812 530 1878 muit
560 1813 760 1904 tergeminus
794 1812 938 1881 mundus
972 1812 1186 1880 Bracbmauis
1218 1811 1286 1884 telo
1318 1813 1450 1882 auitae.
1509 1807 1550 1878 ld

446 1933 557 2029 ipsum
589 1959 725 2030 quoque
756 1935 859 2004 telum
886 1937 1068 2005 terrificum
1104 1935 1236 2005 divinae
1265 1935 1443 2005 maiestatis
1482 1955 1549 2030 ops

391 2073 534 2144 spretes
560 2075 665 2126 totum
686 2057 822 2128 devorat
840 2061 1054 2129 Bracbmauis
1079 2080 1222 2154 seeptro.
1258 2058 1457 2130 Vasisbtbae
1480 2081 1549 2126 ma·

443 2182 589 2274 gnanimi
619 2183 832 2251 Brachmanis
864 2182 967 2252 telum
992 2183 1178 2252 devorantis
1202 2183 1332 2277 species
1349 2179 1413 2250 tuit
1435 2199 1547 2263 atrox,

385 2299 627 2387 ¹80b0rrenda,
663 2329 728 2401 qua
765 2309 966 2401 tergeminus
996 2304 1141 2374 mundus
1174 2303 1435 2399 obstupesceret.
1496 2302 1545 2370 Ex

438 2430 666 2498 minutissimis
690 2430 726 2497 in
751 2431 821 2498 eius
847 2449 923 2499 cute
949 2429 1184 2511 foraminibus,
1205 2428 1297 2496 unde
1316 2425 1381 2524 pili
1402 2449 1546 2495 nascun-

438 2567 512 2633 tur,
546 2551 750 2619 absistebant
776 2551 870 2645 quasi
892 2550 1054 2620 scintillae
1082 2552 1216 2646 igneae,
1255 2550 1349 2620 sumo
1379 2547 1545 2643 fulgorem

384 2671 654 2757 ¹9-obscuraute3
677 2672 882 2767 ardebatque
903 2674 1117 2741 Brachmauis
1144 2691 1325 2767 sceptrum,
1347 2671 1544 2741 Vasisbtbts

436 2813 537 2859 manu
561 2793 741 2876 libratum,
778 2814 936 2889 tanquam
958 2793 1064 2863 fatalis
1093 2794 1212 2863 muudi
1238 2795 1468 2890 conflagratio,
1492 2791 1544 2862 fu·

436 2911 526 2981 mida
553 2915 693 3010 caligine
717 2917 873 3002 insoluta,
898 2918 951 2987 vel
976 2938 1133 3014 tanquam
1146 2917 1288 2986 alterum
1302 2918 1425 2985 Yamae
1449 2919 1541 3010 regis

379 3058 427 3100 ao.
436 3040 630 3126 inferorum
657 3060 838 3136 sceptrum.
899 3043 998 3110 Tune
1029 3042 1224 3136 Sapientum
1256 3042 1409 3110 cohortes
1434 3037 1541 3108 laudi-

434 3161 498 3230 bus
522 3159 736 3233 celebrabtnt
765 3163 975 3232 Vasishtbam
1005 3165 1121 3232 tacitae
1154 3165 1354 3260 precationis
1378 3163 1540 3258 peritissi-

434 3309 543 3354 mum:
569 3285 796 3355 Ineluctabilis
821 3307 871 3355 est
894 3289 944 3356 vis
965 3306 1039 3370 tua,
1069 3313 1090 3357 o
1115 3284 1336 3356 Brachmana!
1361 3284 1424 3354 sed
1445 3285 1539 3380 sigo·

377 3424 506 3477 ²¹·rem
527 3427 621 3478 tuum
652 3413 727 3506 ipso
754 3413 866 3507 vigore
893 3411 1023 3480 cohibe.
1081 3411 1121 3477 In
1147 3409 1302 3480 ordinem
1332 3429 1465 3481 coactos
1489 3427 1539 3478 est

434 3562 454 3603 a
488 3553 521 3603 to
553 3537 767 3606 Visvdmitras
801 3534 1046 3621 validissimus3
1077 3534 1226 3630 placatus
1253 3539 1320 3604 iam
1349 3537 1414 3620 sis,
1447 3553 1536 3607 vates

436 3731 707 3750 ——a—

392 3921 396 3928 ,
475 3860 503 3938 1)
524 3860 570 3922 Cf.
591 3859 808 3936 Crem,
837 3871 870 3922 et
901 3859 944 3921 ibi
966 3868 1111 3922 annotata
1142 3859 1182 3923 de
1205 3859 1272 3923 telis
1290 3859 1374 3924 bisce
1393 3859 1535 3946 mythici·

554 3961 733 4044 partimque
760 3959 941 4042 allegoricis.
988 3961 1087 4022 Multa
1114 3981 1208 4042 supra
1234 3968 1405 4022 memorata
1427 3981 1534 4024 recur-

553 4070 646 4128 ruat;
682 4058 716 4120 in
749 4059 813 4120 aliis
844 4059 1000 4121 variatum
1031 4068 1095 4136 est,
1126 4067 1162 4121 ut
1184 4057 1260 4121 adeo
1281 4059 1407 4122 alterius
1429 4057 1535 4144 capitis

552 4157 697 4221 lectiones
726 4179 763 4220 ex
796 4158 895 4221 altero
923 4159 1071 4222 illustrari
1090 4160 1140 4222 vel
1156 4158 1312 4222 emendari
1338 4169 1481 4242 possent,
1509 4155 1535 4221 si

553 4260 821 4342 operaepretium
844 4259 938 4327 soret.
958 4259 1148 4342 significatio
1162 4260 1284 4323 fabulae
1302 4260 1336 4322 iu
1355 4260 1534 4321 uuiversum

549 4359 621 4423 satis
651 4367 698 4422 est
730 4359 906 4443 perspicua.
959 4359 1090 4422 Certant
1119 4359 1159 4424 de
1178 4381 1298 4422 summo
1320 4358 1454 4440 imperio
1474 4377 1535 4440 po·

552 4460 649 4522 tentia
680 4460 764 4542 regia
796 4461 860 4522 sive
881 4459 1039 4536 militaris,
1065 4459 1094 4521 cl
1112 4460 1281 4523 auctoritas
1311 4455 1534 4536 sacerdotalis,

553 4561 658 4643 quates
678 4561 889 4623 contentiones
912 4560 992 4621 inter
1014 4559 1180 4624 Pontifices
1200 4567 1231 4621 et
1251 4561 1455 4640 imperatores
1471 4575 1533 4620 tto·

550 4667 612 4719 stra
635 4681 762 4743 quoque
774 4654 900 4742 Eur-opi
919 4657 1022 4721 medio
1044 4681 1120 4722 aevo
1137 4659 1226 4738 vidit,
1242 4656 1324 4720 ande
1341 4656 1407 4719 sine
1423 4674 1531 4720 armo·

551 4777 623 4821 rum
647 4758 678 4819 si
698 4757 907 4824 secerdotium
925 4781 1017 4845 saepe
1036 4760 1201 4826 victoriam
1221 4755 1411 4843 reportavit.
