3609 5817
371 757 424 839 at
684 760 773 846 Lu.
803 757 835 845 1.
873 753 974 847 Car.
1006 757 1174 849 XXIV.

767 1166 925 1265 carui]
958 1178 1076 1240 xxiv.

638 1370 968 1459 Discuuntnuu
1004 1390 1213 1453 'rnanruo

328 1678 351 1715 ι.
466 1650 638 1715 Vasishthn
660 1650 748 1715 bunc
770 1652 805 1715 iu
823 1648 960 1715 modum
983 1666 1155 1724 monente,
1179 1669 1239 1712 rex
1266 1643 1352 1714 ultro
1380 1647 1474 1714 hilari

323 1796 350 1836 a.
366 1771 456 1839 vultu
489 1771 621 1839 bamam
658 1798 733 1839 cum
765 1775 930 1837 Larmano
965 1770 1143 1838 advocarit
1205 1767 1407 1837 Solennibus
1440 1773 1475 1836 in

366 1895 512 1963 discessu
545 1900 626 1965 votis
661 1926 679 1963 a
712 1917 815 1964 matre
848 1923 886 1963 ac
919 1914 1011 1988 patre
1049 1894 1229 1961 Dasaratha
1256 1897 1475 1985 nuncupatis,

319 2020 698 2088 &amnuntiandum
720 2020 823 2087 sartsta
844 2046 996 2114 quaeque
1022 2020 1233 2095 vaticinante,
1260 2039 1318 2081 rex
1340 2019 1473 2084 caritate

363 2158 470 2207 motus
496 2139 600 2207 filium
624 2144 659 2207 in
682 2142 791 2210 fronte
817 2143 1027 2211 deosculatus
1055 2160 1120 2221 est,
1145 2159 1214 2206 tum
1242 2137 1381 2207 tradidit
1399 2164 1474 2206 eum

318 2268 347 2347 4.
362 2260 460 2329 simul
486 2289 560 2329 cum
587 2266 707 2331 comite
726 2267 891 2332 Larmano
914 2267 1027 2332 Cusici
1050 2284 1136 2332 nato.
1172 2265 1345 2343 Protinus,
1371 2286 1474 2356 quum

362 2388 497 2467 Rimas,
523 2386 581 2454 loti
608 2389 706 2457 flores
727 2390 831 2457 oeulis
852 2390 1017 2469 reserens,
1043 2392 1077 2454 iu
1098 2388 1312 2455 Visvamiuae
1335 2384 1473 2454 ductum

362 2510 500 2577 traditus
528 2512 703 2594 viseretur,
744 2515 879 2605 spiravit
903 2532 1017 2578 ventus
1042 2511 1144 2592 leuis,
1167 2534 1266 2578 sensu
1289 2507 1473 2589 iucundus,

319 2639 350 2705 5.
362 2659 472 2728 neque
501 2633 606 2701 ullum
637 2634 810 2729 pulverem
846 2638 944 2701 eieus.
997 2634 1132 2702 Decidit
1167 2659 1185 2700 e
1220 2633 1314 2701 coelo
1353 2634 1474 2700 {lorum

360 2758 489 2837 imber,
514 2755 644 2824 auditus
662 2779 711 2825 est
733 2759 935 2825 concharum
956 2747 1255 2853 tympanorumque
1279 2756 1473 2826 coelestium

362 2879 525 2972 clangor,
560 2882 708 2948 cantibus
744 2880 967 2974 tripudiisque
1000 2906 1192 2962 consonus,
1226 2877 1474 2974 Raghuidamm
1510 2867 1518 2880 ’

318 3004 348 3066 6.
361 3002 458 3095 prole
484 3006 547 3070 iter
571 3005 790 3098 ingrediente.
840 3007 1054 3073 Visvdmitras
1079 3006 1115 3070 in
1141 3004 1250 3071 sronte
1275 2999 1474 3085 incedebat3

361 3152 451 3221 pone
477 3152 553 3194 eum
574 3129 690 3197 Rimas
712 3130 869 3211 illustris,
904 3133 992 3197 eirca
1019 3149 1168 3223 tempora
1194 3130 1400 3196 cincinnatus
1426 3124 1473 3211 ¹),

321 3254 566 3338 7·arcitenens;
591 3254 682 3320 hune
708 3253 904 3321 Sumiuides
931 3254 1126 3321 sectabatur.
1159 3252 1215 3319 Dii
1240 3276 1315 3317 cum
1334 3252 1474 3332 Vtar-0,

362 3400 465 3469 quum
489 3377 622 3444 Ruinam
651 3378 686 3443 in
706 3380 922 3446 Visraimiuae
949 3378 1085 3444 ductum
1111 3377 1276 3442 transiisse
1302 3372 1472 3454 viderent,

361 3498 552 3567 incredibili
567 3499 687 3593 gaudio
705 3500 812 3567 affecti
836 3520 930 3579 sunt,
954 3517 1068 3592 utpote
1089 3498 1328 3591 Decemcipitis
1353 3519 1474 3563 necem

321 3627 350 3688 8.
364 3626 544 3716 cupientes.
594 3625 826 3691 h'isrdmitram
858 3626 1104 3717 magnanimum
1131 3623 1253 3703 ambo,
1290 3622 1407 3689 Rimas
1441 3640 1474 3687 et

363 3749 557 3828 Larmanus,
580 3768 658 3814 tuuc
678 3750 913 3842 sequebantur,
928 3749 1025 3814 sicuti
1041 3746 1188 3812 divinum
1205 3743 1340 3811 lndram
1358 3746 1473 3810 Asciui

264 3874 273 3895 '
323 3894 352 3955 9.
364 3870 505 3961 gemelli.
543 3871 653 3938 Ambo
679 3871 852 3938 brachium
874 3871 1002 3939 laevum
1028 3889 1060 3938 ct
1086 3867 1239 3935 dexterae
1260 3867 1381 3962 digitos
1406 3866 1475 3933 ilii-

364 3996 427 4085 gati
455 3995 599 4085 tegmine
625 4014 773 4076 scorteo,
800 4018 845 4059 ne
870 3997 969 4060 nervi
993 3991 1114 4060 ictibus
1139 3990 1380 4068 laederentur,
1405 3993 1473 4057 aei·

363 4142 478 4185 necem
492 4169 501 4199 ,
527 4120 714 4211 pharetram
742 4142 923 4209 arcumque
949 4136 1137 4212 gestantes,
1164 4116 1258 4184 iilum
1284 4116 1475 4209 sequeban-

359 4283 641 4296 *αι’-...-

406 4384 441 4458 1)
462 4383 570 4444 dea·
578 4386 813 4465 paxa.dhnra,
834 4383 873 4443 ad
889 4386 1021 4443 litteram
1039 4386 1170 4445 cornicis
1181 4382 1254 4443 alas
1267 4403 1381 4462 ger-erm
1414 4380 1474 4442 iiic

487 4494 554 4543 crat
578 4483 700 4543 habitus
722 4483 963 4543 arrlolesceutiuur
987 4503 1021 4541 et
1049 4482 1159 4541 ordine
1177 4480 1322 4554 militari,
1344 4480 1419 4540 dum
1442 4480 1473 4539 in

487 4584 667 4645 conditione
688 4583 910 4663 discipulorum
927 4582 1148 4656 versabantur,
1173 4590 1206 4639 ut
1220 4580 1251 4640 in
1267 4578 1384 4639 vertice
1398 4588 1474 4639 ton-

485 4684 655 4759 derentur,
677 4684 792 4744 relictis
814 4682 897 4740 circa
922 4691 1064 4761 tempora
1080 4680 1246 4756 cincinnis,
1269 4679 1324 4762 qui
1337 4687 1475 4761 propter

486 4779 679 4862 nigredinem
700 4801 771 4840 curn
792 4779 923 4840 cornicis
948 4780 1000 4839 alis
1021 4789 1254 4860 comparantur.
