3609 5817
381 736 434 813 30
725 724 812 811 Lm.
845 724 879 811 1.
917 722 1016 811 Cur.
1050 722 1130 813 Vt.

378 943 544 1035 sauguinis
570 967 587 1005 e
617 942 740 1007 violato
764 940 926 1007 contrubir'
952 946 1025 1007 iure
1050 957 1149 1017 orta,
1182 967 1243 1009 nec
1268 968 1337 1011 non
1361 947 1484 1013 rituum

320 1068 364 1131 so.
378 1063 614 1159 gentilitiorum
640 1063 791 1132 colluvio.
827 1065 929 1132 Erant
953 1063 1002 1130 ibi
1027 1065 1062 1130 iu
1087 1065 1170 1131 urbe
1195 1068 1313 1132 eximis
1332 1068 1483 1135 homines

378 1185 546 1280 longaevi,
579 1187 659 1254 fidei
692 1186 849 1269 studiosi,
881 1211 1014 1281 semper
1046 1211 1122 1255 cum
1150 1191 1331 1271 uxoribus,
1369 1189 1483 1259 liberis

320 1341 364 1405 19,
378 1314 622 1406 nepotibusque
648 1312 771 1379 sociati.
821 1311 912 1378 Haec
936 1312 1016 1379 urbs
1041 1310 1083 1378 eb
1109 1311 1362 1381 [releut'durum
1390 1317 1484 1407 prin·

379 1437 454 1530 cipe
479 1434 578 1528 plene
600 1436 648 1501 sic
672 1435 908 1527 sospitubatur,
934 1434 1217 1528 quemadmodum
1238 1436 1318 1503 olim
1337 1438 1483 1519 uMsml,

318 1586 364 1625 πο.
377 1561 513 1628 humani
538 1559 670 1653 generis
695 1558 821 1650 cupite,
845 1559 941 1625 hicce
966 1559 1056 1626 orbis
1082 1578 1250 1627 terrarum.
1283 1557 1484 1627 Bellatorum

378 1688 466 1781 ignei
500 1685 644 1777 rigoris,
678 1706 849 1773 nunquam
871 1705 889 1745 e
915 1679 1051 1773 procliis
1083 1682 1220 1776 gradum
1253 1683 1483 1765 referentium,

378 1810 479 1877 multu
503 1806 605 1872 millis
636 1805 811 1871 tuebuntur
839 1803 999 1885 eandem,
1034 1807 1129 1872 sicuti
1155 1804 1268 1871 leones
1292 1806 1485 1898 speluncam

317 1951 574 2001 ²¹·montunsm.
625 1929 729 2021 Equis
754 1930 851 1994 etiem
872 1926 973 2022 plenu
999 1949 1068 1995 eret
1092 1930 1191 2008 urbs,
1228 1929 1428 2016 eCrlmbdjs
1453 1950 1485 1998 et

377 2053 574 2149 Vundyui'de
599 2071 686 2119 terra
714 2049 882 2132 oriundis,
922 2051 965 2119 sd
991 2050 1156 2120 Siudhtuu
1180 2052 1314 2119 fluvium
1339 2072 1373 2121 et
1396 2053 1487 2148 epud

318 2214 366 2254 22.
378 2178 535 2248 thlieos
555 2177 727 2270 generatis,
746 2173 866 2243 lndme
881 2176 1082 2268 sonipedum
1097 2177 1259 2245 similibus
1287 2175 1324 2262 r).
1354 2174 1485 2245 Referu

382 2325 516 2396 quoque
543 2318 613 2369 erut
638 2298 839 2394 elephantis,
871 2303 907 2366 in
925 2299 1064 2369 Vindhii
1088 2304 1209 2369 montis
1232 2322 1265 2369 et
1286 2302 1485 2371 Himsrsutis

379 2430 456 2519 iugo
481 2427 582 2505 netis,
607 2423 730 2491 robore
756 2442 789 2491 et
813 2426 931 2493 virtute
956 2425 1101 2493 mascula
1125 2424 1300 2519 praeditis,
1332 2428 1486 2493 animosis

318 2555 365 2616 23.
379 2552 450 2617 sine
477 2548 623 2631 seritute3
649 2572 689 2614 ex
710 2548 873 2630 Absenti,
896 2549 1126 2644 Mahlpedmi,
1152 2551 1270 2633 Anjani
1297 2568 1330 2616 et
1346 2550 1486 2615 Vdmnni

380 2675 482 2767 stirpe
508 2671 708 2765 procreetis,
734 2696 752 2737 e
778 2674 891 2765 specie
917 2696 1032 2739 eorum
1058 2675 1115 2765 qui
1135 2672 1274 2754 Bhadri,
1300 2672 1434 2741 Mandri
1454 2693 1487 2740 et

422 3057 453 3131 l)
473 3055 568 3141 Equis
582 3053 738 3136 generosis
760 3053 890 3112 maxima
906 3050 1011 3113 indiae
1030 3070 1100 3133 pers
1118 3062 1162 3113 est
1182 3050 1345 3127 destitutn;
1367 3053 1442 3137 quin
1456 3065 1487 3117 et

502 3175 635 3237 peregre
655 3152 861 3213 advectorum
881 3152 1003 3213 soboles
1028 3150 1072 3212 ibi
1100 3164 1272 3235 propagata
1297 3152 1488 3237 degenerare

405 3297 414 3332 q
502 3254 590 3315 solet
633 3251 842 3333 Excipiuntur
863 3260 966 3312 temen
988 3261 1092 3312 terrae
1114 3251 1154 3312 nd
1171 3251 1279 3313 ludum
1301 3275 1323 3317 s.
1341 3253 1489 3318 Studium

501 3354 592 3438 sitne,
630 3351 755 3425 Ceteri,
780 3352 834 3435 qui
857 3350 908 3411 bie
926 3361 1157 3428 memorentur,
1179 3362 1303 3414 exterae
1324 3363 1398 3416 suut
1411 3356 1489 3418 stir-

500 3454 556 3537 pis.
601 3450 637 3511 V
631 3452 728 3512 eutici
739 3461 811 3512 sunt
827 3451 930 3513 Bactri
951 3451 1034 3512 eirca
1050 3453 1161 3512 urbem
1179 3452 1363 3514 hodiernum
1378 3454 1488 3531 Balllr,

500 3554 588 3614 cuius
606 3572 717 3612 nomen
735 3572 753 3612 e
769 3552 930 3612 Senserito
946 3560 1144 3612 contractum
1155 3560 1281 3633 putent.
1312 3553 1488 3633 Cambejem

502 3648 712 3732 lexicogrepbi
734 3648 827 3731 Angli
853 3649 884 3709 in
911 3650 975 3731 ipsa
1000 3649 1087 3710 ludia
1114 3670 1217 3711 versus
1243 3654 1490 3734 septentrionem

502 3759 642 3831 ponunt,
666 3746 719 3808 scd
737 3748 824 3814 salso.
865 3748 990 3809 Etenim
1011 3748 1042 3808 in
1062 3749 1271 3831 descriptione
1290 3755 1400 3836 plagae
1417 3777 1488 3838 sep.

503 3846 707 3919 tentrioualis,
724 3867 817 3928 quam
829 3856 961 3930 quartus
973 3848 1139 3910 Rume'idos
1154 3850 1234 3911 liber
1247 3852 1378 3930 exhibet,
1397 3854 1489 3916 Clm.

503 3946 568 4030 bbji
582 3956 654 4030 post
662 3944 808 4006 thlicos
824 3945 907 4006 inter
924 3948 1024 4006 verius
1038 3958 1142 4026 gentes
1158 3948 1307 4011 barbaras
1324 3953 1488 4015 neminen.

505 4056 569 4111 tur.
611 4047 661 4106 ct.
676 4046 812 4107 llsonu-
823 4066 918 4106 reuss
938 4045 992 4123 tv,
1013 4041 1054 4106 67
1066 4082 1103 4093 --
1116 4044 1166 4109 69.
1188 4049 1241 4109 ubi
1254 4051 1393 4133 Rughus‚
1416 4055 1488 4115 Sin.

506 4144 570 4206 dhe
598 4146 748 4220 traiecto,
779 4144 973 4226 posteros
1001 4145 1139 4209 devictos
1164 4146 1287 4209 demum
1307 4152 1490 4237 Clmbbjsm

504 4243 584 4319 edit,
606 4243 755 4304 nobilium
773 4264 929 4327 equorum
945 4246 1089 4325 patrium.
1124 4248 1171 4307 Dc
1182 4248 1338 4328 Cambaya
1356 4254 1436 4316 urbe
1449 4256 1490 4316 ad

504 4344 603 4406 sinum
619 4340 833 4425 Gurjernnum
856 4364 920 4404 non
943 4364 1006 4405 esse
1031 4345 1246 4427 cogitandum,
1270 4353 1490 4417 multominus

505 4440 544 4502 de
564 4438 732 4502 Cambodie
750 4439 782 4501 in
799 4441 961 4523 peninsula
983 4442 1063 4504 ultra
1082 4447 1237 4528 Gangem,
1264 4470 1322 4530 per
1342 4472 1373 4511 se
1392 4462 1490 4534 patet.

504 4538 695 4618 veronese
715 4536 791 4601 nibil
809 4539 971 4602 delinitum
987 4540 1128 4619 invenio,
1155 4545 1211 4606 nisi
1234 4546 1320 4628 quod
1346 4554 1490 4614 nonnulli

507 4634 779 4700 Amara-costus
798 4639 983 4722 interpretes
1002 4650 1197 4721 statuerunt,
1228 4665 1325 4728 equos
1346 4647 1417 4711 inde
1441 4651 1491 4714 di.

506 4749 569 4799 ctos
595 4738 655 4799 alio
678 4739 803 4801 nomine
823 4759 885 4802 esse
903 4739 1054 4808 Persicos.
1096 4740 1157 4804 Ed.
1173 4744 1235 4806 cor.
1257 4765 1285 4827 p.
1303 4741 1370 4809 194.
