3609 5817
415 751 495 828 tto
702 739 792 825 Lm.
820 738 855 826 1.
892 734 994 826 Car.
1025 734 1241 833 xxxiv.

347 954 522 1048 36.gitabo
555 952 683 1048 aliquid
716 958 809 1025 vobis
841 955 993 1025 salutare.
1045 954 1101 1024 Sic
1135 956 1279 1026 dimissis
1313 956 1436 1053 puellis
1472 983 1530 1026 rex

412 1081 580 1172 optimus,
613 1082 695 1146 recti
721 1107 867 1175 gnarus,
907 1080 951 1149 de
977 1084 1094 1152 huam
1125 1084 1336 1149 matrimonio
1365 1082 1531 1150 consuluit

294 1229 297 1240 ·
349 1199 399 1283 57·
414 1200 627 1270 consiliorum
651 1206 768 1271 socios.
820 1205 985 1290 Quoniam
1007 1228 1085 1273 vero
1113 1202 1246 1299 puellae
1273 1204 1353 1272 istae
1379 1206 1421 1272 ab
1442 1207 1529 1275 Ae‘re

413 1326 463 1393 ibi
483 1325 564 1394 olim
582 1326 739 1420 gibberae
759 1327 863 1395 sactae
884 1328 1031 1411 fucrant,
1057 1329 1098 1395 ab
1116 1352 1155 1396 eo
1173 1328 1253 1395 inde
1274 1347 1428 1423 tempore
1451 1330 1531 1397 urbs

352 1446 472 1516 iil-illa
494 1448 707 1543 Cdnyacuhja
732 1449 896 1545 appellari
922 1471 1041 1546 coepta
1067 1471 1124 1519 est.
1163 1450 1292 1519 Eodem
1317 1471 1427 1520 autem
1448 1471 1532 1522 tern-

415 1595 500 1667 pore
521 1572 571 1639 vir
593 1571 802 1666 praeclarus,
828 1578 964 1643 nomine
981 1574 1159 1658 Chtilines‚
1185 1596 1332 1643 austerae
1360 1576 1533 1659 virilitatis,

354 1698 615 1790 {impurissimae
641 1700 745 1779 vitae,
776 1719 906 1767 sanetas
932 1702 1140 1769 castimonias
1167 1701 1352 1769 exercebat
1401 1701 1458 1768 Ad
1482 1728 1535 1769 sa-

417 1822 567 1915 pientem
592 1846 664 1888 sese
687 1824 902 1917 castigantem
929 1827 1068 1892 accessit
1092 1826 1246 1893 Fidicina
1271 1824 1436 1919 quaedam
1457 1849 1536 1894 coe-

418 1943 528 2028 lestis,
561 1965 598 2014 ut
622 1950 653 2014 ei
675 1945 910 2029 famularetur,
941 1946 1090 2015 Urmilae
1112 1948 1197 2031 lilia,
1236 1952 1289 2016 cui
1314 1972 1440 2017 nomen
1465 1965 1535 2015 erat

359 2068 407 2149 40.
421 2067 574 2139 Sdmada.
614 2070 706 2137 Haec
728 2070 900 2138 humiliter
926 2095 1002 2138 eum
1027 2092 1205 2156 venerata,
1230 2059 1462 2142 honestissima
1485 2071 1534 2142 ie-

421 2196 527 2275 mina‚
553 2192 685 2260 assidua
709 2196 744 2259 in
768 2195 960 2262 ministeriis
985 2195 1033 2262 ibi
1058 2197 1235 2280 habitavit,
1261 2220 1328 2291 quo
1351 2195 1438 2264 sacto
1463 2217 1536 2265 sese

360 2321 577 2415 inprobavit
608 2322 776 2413 magistro.
826 2319 857 2388 ls
884 2344 963 2414 ergo
993 2339 1144 2416 tempore
1173 2338 1364 2415 opportuno
1389 2322 1537 2388 animum

424 2467 501 2538 erga
528 2468 601 2511 eam
626 2442 823 2528 declarans,
847 2445 1000 2511 Probasti
1026 2463 1057 2512 te
1083 2445 1182 2524 mihi,
1206 2446 1329 2538 inquit:
1363 2443 1451 2511 bene
1477 2444 1537 2512 tibi

362 2571 411 2652 4²·
425 2568 544 2661 cupi03
570 2568 653 2662 quid
668 2568 805 2649 faciam,
831 2566 925 2661 quod
944 2568 1004 2633 tihi
1022 2569 1065 2634 sit
1078 2567 1227 2660 gratum?
1254 2565 1423 2649 Fidicina,
1445 2566 1538 2636 dulci

425 2716 507 2761 voce
533 2691 702 2786 praedita,
728 2716 941 2786 summopere
967 2688 1070 2773 lacta,
1096 2714 1200 2785 quum
1222 2690 1455 2757 anachoretam
1474 2688 1540 2758 sibi

426 2819 610 2912 propitium
642 2816 874 2909 cognovisset,
914 2817 985 2908 ipsa
1020 2812 1163 2881 facunda
1194 2811 1367 2880 facundiae
1399 2834 1540 2907 gnarum

362 2949 414 3028 45.
429 2940 558 3007 affatur:
597 2941 671 3019 Tu,
697 2935 809 3004 divina
834 2936 978 3031 quadam
1003 2947 1095 3005 sorte'
1117 2936 1269 3017 favente,
1300 2953 1442 3030 propter
1463 2961 1540 3003 san·

427 3065 617 3131 alimoniam
630 3063 666 3127 in
683 3062 826 3128 numinis
843 3061 1047 3128 consortium
1063 3063 1237 3146 transiisti3
1258 3056 1416 3154 equidem
1435 3058 1540 3126 filium

363 3193 414 3275 44.
428 3204 525 3280 opt0,
550 3184 680 3251 divinae
701 3185 937 3251 sanctimoniae
948 3179 1122 3252 devotum.
1159 3182 1332 3253 Coelibcm
1351 3183 1451 3250 sitam
1467 3205 1540 3276 ago,

427 3309 530 3397 (salve
555 3306 673 3393 mihil)
699 3333 809 3403 neque
832 3306 932 3375 ullius
952 3310 1012 3375 viri
1033 3333 1105 3375 sum
1130 3330 1222 3374 uxor.
1258 3303 1541 3400 Quandoquidem

428 3431 471 3498 ad
498 3452 530 3500 te
556 3457 610 3498 me
637 3432 803 3511 converti,
833 3455 853 3497 o
880 3430 1104 3511 Brachmana,
1138 3455 1280 3523 aequum
1304 3447 1371 3510 est,
1396 3447 1435 3496 ut
1458 3428 1541 3495 milti

366 3563 417 3640 45.
430 3554 595 3626 concedas
614 3555 727 3621 lilium.
760 3552 933 3619 Fidicinae
953 3556 1118 3646 propitius
1136 3552 1275 3647 Sapiens
1294 3551 1423 3619 divinus
1446 3550 1543 3620 dedit
1564 3569 1568 3574 “

430 3679 536 3746 filium
560 3680 751 3772 egregium,
776 3701 878 3769 quem
894 3674 1179 3742 Brachmadattem
1205 3674 1335 3758 dixere,
1358 3673 1543 3769 spiritalem

369 3802 585 3885 locholinis
604 3802 744 3895 prolem.
777 3799 838 3866 llle
857 3798 948 3866 idem
969 3824 1028 3866 rex
1045 3798 1426 3880 Brachmadattcstunc,
1452 3820 1543 3865 sont·

433 3952 486 3994 ma
501 3927 720 4020 prosperitate
736 3921 866 4003 fruens,
892 3921 1011 3986 urbem
1024 3920 1239 4014 Cimpiliam,
1262 3923 1357 3989 sicuti
1375 3919 1544 4013 Superdm

372 4050 593 4147 lpprinccps
620 4046 767 4127 coelum,
792 4041 969 4110 incolebat
1012 4044 1089 4110 Pius
1115 4069 1173 4110 rex
1193 4047 1410 4132 Cusanlbhus
1434 4064 1546 4113 autem

436 4174 613 4246 consilium
640 4175 745 4264 cepit,
770 4188 807 4239 ut
820 4171 899 4237 huic
924 4171 1105 4236 centuriam
1123 4166 1263 4235 filiarum
1280 4188 1422 4262 nuptum
1441 4167 1546 4235 daret.

374 4296 424 4376 iss·
436 4302 575 4368 Incitato
601 4298 701 4389 igitur
725 4319 802 4389 rege
820 4293 1088 4376 Brachmadatte‚
1113 4296 1163 4361 vir
1181 4296 1389 4388 gravissimus
1408 4290 1550 4359 tradidit

376 4424 425 4509 ip
438 4427 468 4491 ei
494 4422 638 4519 puellas,
664 4419 782 4515 gaudia
808 4418 911 4487 corde
937 4420 1052 4486 intiuro
1077 4420 1298 4513 praecipiens.
1332 4416 1458 4484 Harum
1476 4417 1549 4483 sin·

438 4548 589 4643 galerum
620 4546 815 4625 dexteram,
852 4568 871 4611 ο
904 4542 1100 4637 Raghuide‚
1139 4570 1178 4611 ex
1213 4544 1331 4612 ordine
1366 4539 1549 4637 prehendit

438 4670 705 4739 Brachmadattes
722 4689 827 4737 terrae
845 4667 1010 4747 dominus,
1032 4670 1125 4760 quasi
1145 4667 1231 4735 soret
1243 4666 1409 4761 supersim
1426 4683 1548 4733 rector.

379 4802 427 4867 50.
441 4798 502 4866 vix
520 4813 628 4862 autern
646 4820 745 4862 mana
765 4796 834 4860 eius
853 4812 1021 4860 contactae
1041 4810 1173 4859 centum
1194 4794 1273 4858 istae
1294 4790 1442 4885 puellae,
1468 4811 1551 4882 pro-
