3609 5817
383 717 436 795 56
704 707 790 793 Lm.
824 703 857 792 1.
895 700 996 793 Car,
1023 700 1152 794 xl-ll.

382 921 531 989 Causalia
556 922 660 1016 prolis
690 921 855 990 masculae
881 919 1048 989 desiderio
1073 940 1182 1001 mota,
1214 916 1348 1014 placida
1371 932 1480 1012 mente

320 1045 481 1126 37.nnam
506 1061 637 1112 noctem
661 1045 842 1135 permansit
857 1039 948 1135 apud
964 1039 1130 1134 alipedem
1146 1059 1322 1110 mactatum
1341 1036 1387 1134 8).
1421 1042 1480 1112 Sa-

383 1165 530 1248 crilicus,
555 1169 688 1233 antistes
706 1169 764 1260 qni
780 1169 1010 1260 precationum
1027 1167 1126 1233 verba
1145 1168 1309 1259 praeibat,
1335 1185 1369 1235 et
1386 1170 1480 1263 hym-

318 1284 368 1349 58.
382 1313 500 1356 norum
533 1308 646 1356 cantor
670 1290 713 1356 ad
739 1314 862 1382 equum
894 1288 1103 1357 adduxerunt
1136 1313 1253 1358 uxores
1283 1291 1481 1360 Dasaratlme

382 1410 528 1480 secundo
549 1435 588 1478 ac
606 1412 701 1478 tertio
722 1409 796 1477 loco
819 1429 957 1502 nuptas,
981 1426 1019 1477 ut
1037 1412 1169 1502 reginae
1196 1436 1214 1474 a
1237 1407 1339 1477 latere
1364 1428 1481 1501 essent.

318 1525 367 1611 59
380 1535 622 1615 Brachmanae,
641 1534 886 1626 ·Rishyast·inga
909 1550 1088 1625 praeeunte
1100 1583 1110 1613 ,
1144 1530 1223 1598 duan
1257 1533 1370 1624 regina
1395 1555 1481 1625 equo

380 1654 561 1736 assidebat,
586 1653 662 1721 lacti
686 1656 742 1747 pia
767 1671 841 1719 vota
866 1677 930 1745 pro
956 1677 993 1720 ea
1017 1654 1261 1745 nuncupabant
1305 1645 1482 1723 Saicrorum

242 1778 246 1787 '
318 1768 366 1848 io·
379 1773 529 1867 praesul,
555 1801 711 1843 sensuum
735 1800 869 1843 suorum
895 1776 1059 1842 coercitor
1084 1775 1388 1870 peritissimusque,
1411 1804 1481 1848 mc-

379 1895 505 1964 dullam
531 1895 672 1991 alipedis
698 1897 818 1963 exemit
843 1897 961 1965 etrite
989 1893 1173 1960 elixandam
1199 1898 1331 1965 curavit.
1377 1899 1481 1969 Huius

379 2020 544 2088 medullae
571 2019 724 2087 nidorem
749 2046 807 2086 rex
832 2022 965 2086 interim
989 2020 1125 2085 naribus
1159 2017 1318 2102 ducebat,
1351 2022 1481 2115 piacula

317 2133 438 2212 4¹·sua
464 2144 547 2210 iusto
573 2142 708 2224 ordine,
738 2145 834 2209 sicuti
858 2141 1017 2222 decebat,
1052 2166 1279 2215 averruncans.
1330 2145 1481 2213 Membra
1507 2227 1513 2240 ι

377 2326 648 2342 m

499 2441 561 2502 mia
593 2441 624 2501 in
657 2439 840 2524 quibusdam
869 2439 976 2501 formis
1009 2438 1079 2501 indo
1111 2441 1231 2502 deflexis
1259 2462 1295 2503 ac
1326 2439 1481 2508 derivatis.

501 2542 628 2602 Scilicet
649 2541 751 2601 conati
771 2550 842 2600 sunt
858 2539 1068 2600 Brachmanae
1084 2542 1204 2601 amoliri
1222 2541 1394 2622 probrum,
1414 2562 1479 2603 tae.

503 2640 623 2718 pissime
637 2661 653 2698 a
665 2638 812 2699 Buddhae
826 2640 943 2699 asseclis
957 2640 1119 2714 iactatum,
1142 2641 1237 2700 inulta
1250 2662 1337 2701 sacra
1351 2649 1481 2702 cruenta

501 2747 532 2797 et
553 2738 690 2798 crudelia
711 2739 741 2797 in
758 2737 852 2798 Vedis
874 2738 1096 2811 commendari3
1120 2741 1246 2802 tortasse
1267 2751 1299 2802 et
1319 2739 1392 2823 ipsi,
1412 2763 1478 2802 mo-

502 2835 586 2896 ribus
607 2836 769 2918 mitigatis,
801 2836 925 2897 caedem
947 2837 1141 2915 animalium,
1173 2840 1357 2923 religionum
1377 2861 1479 2902 caussa

500 2932 564 2992 sive
580 2933 680 3014 specie
702 2944 931 3017 perpetratam,
954 2938 1047 3019 magis
1071 2937 1227 3021 magisque
1247 2940 1478 3003 aversabantur.

500 3029 576 3093 Mihi
598 3032 705 3111 potior
721 3044 765 3094 est
789 3034 958 3095 auctoritas
971 3035 1115 3097 Vatmtcis
1138 3037 1306 3099 identidem
1323 3039 1479 3101 affirman.

501 3130 559 3205 tis,
583 3140 694 3191 concta
714 3133 883 3193 secundnm
898 3135 1053 3195 librorum
1069 3156 1229 3196 sacrorum
1243 3149 1412 3220 praecepta
1427 3159 1478 3199 ac·

501 3229 689 3293 curatissime
720 3253 781 3293 esse
810 3244 948 3314 peracta.
991 3235 1091 3296 Video
1114 3246 1278 3318 praeterea
1306 3239 1480 3302 scholiastes

499 3327 609 3407 passim
630 3331 670 3390 ad
690 3330 753 3392 hoc
776 3342 870 3413 capot
892 3334 1107 3401 illustrandum
1123 3334 1285 3397 Vedorum
1306 3338 1390 3400 dicta
1412 3342 1478 3401 lau-

500 3424 624 3505 dantes,
644 3430 752 3510 primis
771 3431 874 3494 verbis
896 3435 1105 3516 transcriptis,
1136 3445 1172 3495 ut
1193 3437 1311 3516 solent;
1342 3439 1418 3522 quin
1439 3441 1477 3503 ab

407 3561 410 3567 Δ
499 3524 566 3606 ipso
596 3538 707 3608 poeta,
735 3530 766 3589 in
796 3532 987 3594 liernistichio
1008 3535 1110 3615 primo
1130 3534 1206 3595 nist
1221 3533 1289 3612 33„
1317 3538 1477 3601 Vitiorum

497 3624 594 3683 verba
616 3626 749 3706 repetita
770 3628 1006 3708 deprehendere
1032 3632 1108 3694 mihi
1129 3635 1248 3700 videor.
1290 3636 1324 3697 si
1344 3639 1392 3700 vel
1412 3661 1477 3706 rna.

499 3719 578 3782 xime
607 3723 637 3783 in
666 3724 826 3786 Vitiorum
855 3729 950 3807 loeis,
987 3752 1050 3813 qao
1073 3733 1299 3796 Colelrroolius
1330 3738 1477 3818 respexit,

499 3818 629 3880 verbnm
651 3820 736 3882 Bana
761 3823 915 3887 vinciendi
936 3850 1026 3890 senso
1047 3831 1146 3912 accipi
1168 3843 1353 3912 oporteret,
1375 3846 1475 3899 tamen

496 3915 569 3977 inde
591 3940 653 3979 non
676 3920 759 3982 foret
782 3924 991 4004 arguendum,
1017 3929 1154 3990 victimas
1173 3930 1248 3995 nihil
1268 3934 1354 4014 peius
1375 3957 1474 4017 passas

498 4014 597 4077 suine.
630 4018 750 4080 Placuit
760 4021 841 4081 enim
863 4024 1005 4103 pluribus
1022 4031 1143 4110 populis
1165 4032 1388 4112 cophernismus
1406 4039 1476 4121 qui.

499 4111 569 4173 dam
586 4116 616 4176 in
635 4120 727 4180 sacris
744 4124 880 4184 cruentis
898 4125 1109 4209 designandis,
1133 4139 1225 4210 puto,
1248 4153 1286 4192 ne
1305 4133 1384 4195 laeta
1400 4135 1475 4197 deo-

498 4232 569 4272 rum
590 4215 666 4277 festa
686 4220 824 4280 tristibus
846 4225 947 4286 verbis
971 4227 1157 4307 polluerent.
1201 4230 1361 4293 Eiusmodi
1382 4235 1475 4295 verba

497 4310 635 4372 solennia
662 4326 733 4377 sont
761 4319 791 4378 in
824 4321 926 4403 lingua
949 4325 1076 4386 Latina:
1114 4329 1290 4406 immolare,
1317 4346 1474 4415 mactator,¹

493 4404 527 4469 in
542 4409 697 4474 Sanscrita
713 4416 909 4499 pronianum,
933 4424 1106 4499 εὼηαηαιης
1129 4427 1239 4509 quibus
1256 4426 1369 4493 deinde
1385 4431 1475 4516 iugo.

494 4505 577 4569 landi
600 4511 695 4572 notio
713 4515 859 4579 adhaesit.

410 4616 448 4694 8)
468 4621 563 4698 Quod
592 4647 688 4709 equus
716 4628 767 4692 liic
797 4632 979 4715 simpliciter
1007 4639 1067 4699 ales
1087 4644 1259 4724 (proletaria)
1280 4641 1413 4717 dicitur,
1444 4644 1473 4705 id

491 4740 527 4782 et
545 4723 704 4789 Vldorunr
726 4752 782 4792 nau
804 4734 949 4817 loquendi
973 4736 1168 4823 desumptum
1189 4763 1252 4806 esse
1272 4742 1405 4808 videtur.
