3609 5817
457 725 544 810 eto
796 716 886 810 Ltn.
917 715 978 811 11.
1007 715 1110 811 Car.
1138 717 1196 810 X.

392 947 443 1015 26.
457 961 508 1011 ter
551 967 625 1011 cam
666 942 889 1011 contrectavit
959 939 1093 1009 Deinde
1129 937 1282 1008 manibus
1325 953 1561 1006 contrectatam

456 1069 564 1137 animo
602 1070 835 1163 perturbatus,
861 1091 974 1136 amore
1008 1084 1135 1159 captos,
1160 1067 1340 1134 formosam
1371 1064 1559 1160 coniugem,

391 1190 514 1280 opimi
551 1192 631 1260 solia
675 1190 780 1259 oculis
829 1191 1046 1271 referentem,
1088 1187 1209 1258 talibus
1243 1186 1382 1254 affatur:
1455 1185 1560 1280 Equi-

454 1316 531 1384 ‹lcm
562 1340 631 1383 non
659 1338 819 1408 assequor
850 1315 936 1381 iram
964 1332 1074 1397 tuam,
1109 1332 1145 1381 ut
1177 1310 1221 1379 ad
1259 1337 1315 1380 me
1346 1325 1560 1402 spectantem.

388 1439 482 1506 aun
509 1461 654 1531 quonam
688 1461 784 1530 ergo,
815 1434 967 1516 domina,
993 1435 1115 1503 offensa
1145 1434 1252 1515 suisti,
1288 1431 1344 1501 vel
1371 1458 1391 1501 a
1415 1456 1559 1528 quonam

452 1559 619 1654 despecta,
643 1559 736 1654 quod
757 1563 813 1645 ita,
837 1560 921 1627 mibi
946 1557 1104 1641 dolenda,
1130 1582 1150 1626 o
1175 1557 1305 1652 pulcra,
1328 1558 1366 1624 in
1385 1555 1459 1626 solo
1483 1555 1559 1650 pul-

449 1681 621 1750 remlento
664 1684 780 1766 cubas,
818 1683 913 1778 quasi
943 1683 1126 1750 Larvarum
1165 1682 1237 1748 visu
1270 1677 1428 1773 perculsa
1465 1677 1556 1748 iores

386 1825 435 1888 ²9.
449 1829 579 1886 amens,
604 1806 725 1873 mentis
750 1831 847 1873 meac
878 1805 1062 1873 turbatrix?
1113 1804 1198 1873 Sunt
1221 1802 1306 1869 mibi
1337 1799 1463 1870 medici
1495 1827 1555 1896 pe·

446 1927 511 2006 riti,
534 1928 597 1993 rite
621 1928 710 1993 iuter
734 1952 770 1994 se
793 1928 908 2021 partiti
929 1926 1061 1995 diversa
1085 1927 1163 1993 artis
1189 1949 1269 1994 suae
1294 1925 1499 1994 ministeria:
1521 1917 1551 2010 3)

445 2047 482 2115 1ιί
508 2049 672 2133 efficient,
702 2069 739 2119 ut
769 2052 911 2120 suaviter
932 2050 1059 2137 valeas3
1089 2049 1224 2118 declara
1251 2047 1354 2117 modo
1380 2049 1548 2130 morbum,

382 2179 430 2246 50.
445 2194 511 2264 quo
537 2170 678 2240 laboras.
738 2175 923 2259 Quemnam
956 2190 1089 2266 oportet
1122 2172 1225 2240 hodie
1258 2170 1475 2241 commodum
1497 2197 1549 2240 ea·

442 2317 548 2385 perc,
574 2308 629 2359 aut
654 2319 832 2387 quemnam
857 2312 973 2363 contra
1006 2294 1126 2387 ingens
1147 2293 1423 2362 incommodum?
1473 2293 1548 2364 Noli

441 2416 592 2509 plorare,
617 2417 688 2486 noli
709 2436 766 2502 tu,
791 2416 938 2500 domina,
963 2415 1030 2484 talc
1053 2416 1136 2511 quid
1162 2417 1290 2501 sacerc,
1311 2415 1404 2485 unde
1427 2419 1546 2486 misere

379 2542 428 2609 δι.
443 2541 669 2609 contabescas.
719 2546 904 2628 Quemnam
938 2543 1105 2611 insontem
1128 2566 1254 2636 poenas
1279 2540 1373 2610 luere
1398 2561 1546 2638 oportet,
1632 2573 1637 2592 ·

440 2679 497 2728 aut
521 2689 699 2757 quemnam
728 2683 857 2733 sontem
886 2664 1043 2733 liberari?
1102 2667 1183 2750 Quis
1208 2691 1341 2760 pauper
1364 2683 1416 2734 est
1440 2663 1545 2734 ditan-

375 2784 426 2849 52.
440 2780 523 2862 dus,
544 2800 599 2848 aut
624 2786 698 2876 quis
724 2786 900 2878 opulentus
923 2788 1021 2852 bonis
1047 2785 1243 2854 exuendus?
1292 2789 1383 2856 Tum
1403 2807 1542 2884 egomet,

438 2922 509 2970 tum
535 2907 645 2972 cuncti
671 2907 811 2972 ministri
836 2910 903 2973 ntei
927 2908 1023 2973 iussis
1048 2909 1111 2974 tuis
1128 2933 1294 3002 paremus.
1344 2909 1423 2977 Non
1446 2933 1467 2976 e
1488 2933 1542 2978 me

377 3032 427 3098 33.
441 3028 595 3121 impetro,
622 3047 657 3097 ut
681 3027 749 3094 ulla
773 3029 808 3094 in
833 3053 872 3094 re
893 3045 1043 3121 optatum
1064 3029 1125 3096 tibi
1146 3030 1279 3097 irritum
1302 3027 1432 3098 faciam.
1480 3027 1542 3096 vel

436 3151 622 3242 pervitam
652 3175 761 3217 meam
792 3168 824 3218 te
853 3151 1014 3234 obsecro,
1042 3151 1153 3234 effare,
1184 3149 1268 3246 quid
1292 3151 1329 3218 in
1348 3153 1461 3221 anime
1483 3151 1541 3218 ba·

433 3274 521 3341 beas.
573 3276 741 3358 Quatenus
767 3288 968 3364 potestatem
999 3273 1035 3338 in
1067 3297 1123 3340 mc
1154 3273 1250 3340 sitam
1274 3275 1363 3343 nosti
1371 3325 1385 3358 ,
1422 3271 1468 3342 dc
1485 3297 1538 3340 mc

440 3461 693 3476 m

555 3553 638 3616 locus
658 3549 917 3614 luculentissimus
936 3550 967 3612 in
989 3549 1072 3614 libro
1093 3559 1207 3636 quarto
1220 3553 1387 3618 Rameidos
1407 3563 1540 3618 aenne.

550 3653 718 3718 Probabile
741 3653 795 3727 fit,
819 3659 981 3714 venatores
1011 3649 1100 3714 indos
1121 3673 1191 3715 usos
1219 3653 1311 3716 friam
1333 3674 1453 3717 veneno
1469 3677 1539 3742 ιφω

553 3753 649 3831 dicto,
672 3750 943 3833 cuiusplurasunt
956 3772 1071 3834 genera
1091 3773 1109 3814 e
1128 3751 1254 3816 diversis
1273 3753 1539 3836 plantisertmcla.

551 3853 646 3914 Cuius
661 3851 771 3914 veneni
793 3851 835 3909 ris
855 3850 974 3912 letifera
986 3852 1202 3933 experimentis
1220 3853 1251 3914 in
1272 3853 1424 3916 cuniculis
1438 3855 1540 3916 aliisve

552 3952 734 4013 animalibus
750 3950 875 4010 minutis
888 3952 1095 4032 comprobata
1115 3963 1171 4015 est.
1192 3952 1248 4033 (Cf.
1262 3953 1398 4014 Annales
1418 3953 1539 4016 deal·

552 4055 611 4112 mie
629 4065 658 4112 et
677 4052 716 4112 de
728 4052 887 4134 Plyatsue.
910 4052 947 4117 T.
956 4052 1077 4130 XXVI,
1098 4073 1131 4134 p.
1143 4047 1288 4130 ‘bl—63.)
1321 4052 1366 4114 At
1384 4051 1448 4116 hoo
1466 4073 1538 4116 tone

547 4151 700 4228 mirabile,
721 4151 850 4232 sagittae
870 4151 935 4212 acie
950 4171 1007 4232 per
1026 4172 1161 4214 crassum
1177 4152 1332 4236 elephanti
1345 4151 1469 4214 corium
1488 4151 1538 4214 vix

550 4250 581 4311 in
604 4271 694 4311 venas
718 4258 920 4331 penetrante,
951 4261 1015 4311 tam
1044 4252 1209 4316 immanem
1235 4252 1372 4314 belluam
1397 4250 1537 4315 enecari:

546 4371 605 4412 nce
633 4359 734 4410 tamen
766 4358 858 4430 poeta
886 4350 919 4411 id
943 4373 977 4412 ex
1006 4373 1087 4413 rano
1109 4354 1244 4432 linxisse,
1273 4351 1327 4416 sed
1347 4351 1537 4437 experientia

541 4451 669 4512 edoctus
693 4451 856 4532 protulisse
879 4451 1013 4516 videtur.

485 4545 514 4624 3)
536 4551 627 4612 Patet
647 4549 730 4626 hinc,
753 4551 843 4612 ludos
866 4552 904 4610 ab
926 4551 1034 4612 ultimo
1057 4551 1129 4612 inde
1150 4552 1336 4637 antiquitate
1368 4553 1461 4616 simili
1482 4575 1536 4616 n-

548 4649 632 4712 tionc
667 4658 698 4711 et
726 4671 822 4733 aeque
853 4651 1017 4734 diligenter
1046 4673 1139 4734 qnam
1159 4654 1328 4738 Aegpptios
1349 4662 1452 4718 artem
1471 4673 1538 4718 me·

545 4746 643 4810 «licam
663 4750 835 4818 excoluisse.
877 4753 923 4814 Cl.
943 4752 1098 4819 lieaooor.
1113 4753 1212 4832 test.
