3609 5817
394 763 447 843 at
713 751 804 842 Lm.
837 748 870 837 l.
909 746 1010 841 Car.
1039 746 1171 841 Vlll.

810 1070 959 1137 curor
994 1067 1082 1134 vui.

728 1234 989 1326 scomma
1016 1254 1164 1322 sonno.

352 1498 376 1538 ι,
488 1463 573 1530 Huic
601 1479 688 1531 tanta
713 1464 881 1531 maiestate
906 1462 1064 1552 insigni,
1082 1463 1167 1554 pio,
1199 1460 1434 1551 magnanimo,
1458 1457 1501 1526 de

390 1584 465 1653 liliis
487 1582 706 1680 procreandis
730 1582 892 1665 sollicito,
918 1605 988 1650 non
1013 1582 1181 1651 exstiterat
1204 1580 1310 1663 filius,
1342 1583 1402 1675 qui
1426 1583 1501 1649 stir-

348 1740 377 1784 α.
388 1735 468 1805 pem
493 1727 702 1803 propagaret.
753 1711 845 1793 Quae
878 1730 983 1801 quum
1009 1730 1123 1773 secum
1143 1704 1291 1775 volveret
1316 1706 1367 1770 vir
1389 1705 1500 1797 magm'

389 1832 542 1914 consilii,
580 1834 665 1899 haec
695 1835 727 1899 ei
751 1832 890 1901 subnata
924 1848 973 1897 est
1005 1832 1181 1923 cogitatio:
1219 1827 1310 1915 Quid
1339 1825 1499 1921 impedit,

387 1958 566 2049 quominus
588 1955 786 2023 sacrificinm
812 1955 973 2048 equinum
997 1956 1187 2036 instituam,
1218 1952 1262 2019 ad
1283 1950 1368 2019 filios
1393 1976 1413 2017 a
1437 1948 1500 2018 diis

346 2083 374 2144 ὅ.
388 2075 617 2170 expetendos?
639 2077 761 2144 Animo
783 2076 820 2141 in
843 2077 931 2141 hanc
957 2076 1153 2143 sententiam
1173 2073 1383 2156 confirmato,
1408 2090 1501 2168 pott-

387 2222 488 2290 quam
519 2195 762 2265 deliberaverat
791 2220 851 2262 rex
880 2219 957 2262 enm
983 2195 1141 2263 ministris
1170 2197 1207 2261 in
1237 2168 1415 2263 commoda
1445 2220 1502 2264 sna

343 2315 373 2397 4.
386 2322 538 2403 intentis,
563 2320 794 2402 Sumantram,
819 2321 984 2413 optimum
1006 2319 1224 2387 consiliorum
1248 2320 1394 2399 socium,
1418 2315 1501 2387 allo-

386 2462 497 2525 cutus,
521 2444 697 2523 Protinus,
730 2441 842 2535 inquit
855 2492 865 2524 ,
901 2439 1059 2510 adducito
1085 2442 1169 2509 mihi
1188 2438 1400 2509 Vasishtham
1424 2465 1499 2507 cum

343 2565 372 2625 5·
385 2569 504 2635 ceteris
527 2566 728 2658 religionum
746 2566 921 2657 magistris.
954 2564 1145 2633 Sumantras
1161 2583 1294 2646 contra,
1320 2564 1404 2630 sica
1420 2587 1499 2656 rege

386 2685 623 2781 compellatus,
653 2686 744 2752 huuc
770 2711 958 2755 sermonem
980 2689 1143 2783 protulit:
1169 2690 1334 2770 Domine,
1360 2686 1497 2755 audian-

341 2817 372 2879 6.
385 2831 439 2883 tur
454 2812 604 2890 iuterim,
629 2835 715 2902 quae
736 2813 801 2876 iam
823 2811 952 2880 dudum
969 2816 1043 2907 ipse
1059 2812 1179 2881 audivi.
1219 2810 1359 2880 Sanctus
1382 2811 1499 2880 Sanat-

386 2938 539 3003 cumairus
566 2931 596 3018 ¹)
622 2930 703 3000 olim
725 2936 760 2999 in
786 2936 974 3028 sapientum
1001 2959 1158 3003 consessu
1181 2957 1371 3002 sermonem
1391 2932 1500 3027 expli·

386 3061 474 3141 cuit,
511 3060 690 3125 vaticinans
716 3056 759 3125 de
790 3058 900 3125 sutura
930 3059 1077 3128 filiorum
1100 3079 1233 3127 tuorum
1255 3057 1498 3150 procreatione.

343 3180 445 3253 illst
474 3176 840 3273 quidam-Casyapides
863 3179 921 3265 ²),
956 3178 1046 3246 divit
1079 3177 1156 3253 ille,
1190 3177 1402 3247 Vibhandaci
1435 3204 1496 3248 no-

384 3303 473 3367 mine
490 3299 615 3385 clarum
638 3303 718 3370 huie
739 3321 894 3371 nascetur
908 3325 1013 3395 puer,
1038 3300 1098 3395 qui
1111 3299 1359 3395 llishyasringas
1379 3300 1496 3396 appel·

341 3421 370 3482 8·
384 3423 506 3492 labitur
529 3417 571 3510 3).
604 3425 636 3492 ls
661 3427 860 3494 anachoreta
880 3427 917 3493 in
935 3422 1025 3493 silvis
1045 3442 1141 3493 natus
1166 3422 1392 3519 educatusque
1409 3425 1498 3494 iuter

384 3591 447 3606 U.-

427 3680 462 3753 l)
482 3680 737 3757 Saum-ua,
765 3679 851 3741 cuins
876 3699 991 3742 nomen
1019 3690 1178 3743 aeternam
1204 3678 1362 3741 iuventam
1388 3686 1494 3754 sonat,

506 3789 576 3841 erat
590 3780 789 3840 Rauennatis
805 3780 894 3856 filins,
917 3789 981 3842 ete
998 3780 1134 3842 maximis
1150 3788 1226 3842 natu
1239 3777 1402 3843 hominum
1413 3778 1493 3839 Pro-

505 3877 714 3961 genitoribus;
746 3877 943 3940 nihilominus
969 3889 1072 3941 tumen
1095 3880 1277 3944 Smatrar
1303 3880 1364 3957 ait,
1398 3899 1431 3940 se
1459 3898 1494 3938 ex

506 3978 570 4037 eius
588 3995 646 4036 ore
663 3976 844 4040 vaticinium
860 3980 1020 4061 accepisse.
1058 3980 1103 4039 ef.
1120 3965 1229 4042 adnot.
1248 3978 1288 4040 ad
1306 3979 1398 4055 uvi,
1416 3975 1493 4042 l-3.

423 4086 460 4160 2)
484 4085 623 4170 intellige
639 4085 773 4168 aliquem
793 4107 811 4149 e
830 4089 962 4173 Cusyapi
979 4088 1131 4172 posteris,
1153 4090 1316 4150 innumera
1331 4086 1413 4149 enim
1431 4086 1496 4148 eius

503 4185 609 4266 proles
631 4184 779 4253 traditur.

421 4290 459 4365 3)
481 4288 637 4354 ‘traxerat
646 4291 893 4356 nummisma
915 4315 1028 4357 nomeu
1043 4292 1221 4357 adorandis
1233 4295 1394 4374 comibus,
1414 4314 1497 4379 quae

504 4389 537 4449 iu
554 4391 662 4453 fronte
677 4414 748 4455 eum
765 4393 888 4478 gettitte
906 4395 1139 4461 fabulabantur.
1171 4394 1312 4459 CiMsr.
1325 4393 1375 4472 X,
1395 4392 1447 4458 72·
1465 4405 1499 4458 et

504 4486 645 4551 scholion
656 4490 898 4573 cumaculam,
918 4495 971 4579 qui
986 4515 1004 4557 e
1020 4493 1164 4557 dorcadis
1180 4503 1272 4556 utero
1287 4494 1389 4555 fusum
1404 4491 1497 4558 misse

505 4587 620 4651 diserte
639 4590 783 4659 affirmat.
826 4593 892 4655 Nec
914 4605 1016 4656 tumen
1037 4593 1076 4655 de
1097 4594 1195 4676 patris
1221 4591 1395 4656 concubitu
1423 4613 1497 4655 cum

503 4685 602 4748 bruto
616 4690 738 4751 animali
754 4701 798 4753 est
813 4693 1030 4775 cogitandum,
1052 4715 1070 4751 a
1088 4714 1149 4775 qua
1163 4692 1313 4755 foeditate
1326 4689 1495 4755 luditum.

503 4806 634 4869 mopere
665 4787 888 4853 abhorrebant.
930 4790 992 4854 Sed
1020 4791 1260 4870 Vibhindacus,
1296 4811 1395 4873 quum
1428 4791 1498 4856 tine
