3609 5817
647 704 736 795 Iun.
767 698 801 792 l.
837 692 938 793 Cur.
967 698 1091 794 XIX.
1363 712 1416 791 73

730 1179 879 1251 CAPUT
918 1180 1008 1249 xlx.
1043 1211 1045 1214 ’

566 1374 964 1467 Dnsnnnnnrnnnun
994 1399 1184 1465 nurnero.

414 1671 493 1739 Post
517 1687 689 1763 peractum
715 1669 913 1738 sucrificium
939 1671 1016 1738 enni
1047 1670 1137 1738 orbis
1163 1693 1219 1737 sex
1244 1687 1460 1763 tempesto-1,

323 1794 404 1863 tibm
429 1791 581 1888 expletus
606 1809 678 1877 eat3
715 1810 785 1861 tum
810 1790 1010 1878 duodecimo
1035 1817 1149 1860 mense
1170 1791 1333 1871 chaum,
1365 1792 1420 1860 die

322 1940 423 2000 nouo,
450 1916 523 1986 sub·
538 1915 638 1986 domo
656 1915 764 1983 lunari
785 1916 838 1984 cui
859 1912 968 1985 Aditie
990 1933 1128 2007 patrone
1149 1932 1298 2007 praeeat,
1320 1916 1460 2007 quin-2,

323 2064 382 2133 qne
410 2039 514 2111 etellia
539 2038 583 2108 ad
608 2039 772 2133 fastigium
798 2038 889 2108 urbia
911 2037 960 2106 eui
986 2033 1138 2123 subluto
1162 2037 1197 2104 in
1222 2038 1316 2131 signo
1331 2036 1419 2105 Can·

272 2141 275 2152 ’
323 2165 365 2232 eri
381 2163 467 2233 iovis
490 2162 583 2233 stella
600 2188 676 2234 eum
693 2165 786 2232 Luna
802 2160 901 2231 aimul
926 2161 1054 2230 oriente
1078 2157 1126 2244 ¹):
1152 2158 1303 2230 Camalie
1322 2177 1419 2256 partu
1430 2168 1458 2232 5.

360 2460 391 2538 i)
411 2457 652 2545 Aequinoctium
668 2479 798 2521 vernum
814 2468 962 2542 tanquam
973 2459 1086 2520 itimee
1104 2454 1186 2519 diem
1201 2454 1333 2517 natniem
1354 2453 1420 2515 aine

437 2557 693 2622 dubieindicare
712 2558 812 2623 votuit
834 2566 939 2640 poeta.
982 2555 1092 2619 Mentis
1105 2554 1249 2620 cnutus
1270 2554 1353 2619 enim
1371 2563 1418 2617 eat

437 2657 527 2741 prior
542 2679 559 2718 e
576 2657 656 2720 binis
671 2656 726 2742 qui
742 2658 808 2720 veri
828 2657 1034 2739 assignantun
1059 2655 1228 2739 respondet
1248 2654 1417 2739 porteriori

436 2756 520 2838 perd
539 2756 645 2819 Martii
668 2765 700 2820 et
723 2756 826 2839 priori
847 2756 962 2839 Aprilis
991 2755 1158 2819 secundum
1186 2764 1323 2819 nostrum
1344 2754 1418 2818 anui

435 2854 674 2918 ordinationem.
713 2855 836 2935 Adios,
857 2855 989 2919 deorum
1010 2866 1126 2933 mater,
1150 2864 1196 2919 ert
1214 2864 1347 2939 patrona
1367 2876 1416 2918 ee-

435 2955 549 3037 ptimae
572 2954 680 3016 domm
703 2954 835 3032 lunone,
863 2953 999 3039 proprio
1023 2954 1148 3017 nomine
1167 2954 1347 3018 Puram
1367 2954 1416 3017 di-

434 3064 512 3116 ctae.
555 3054 702 3137 Quinque
722 3054 865 3136 planetae
885 3076 1059 3138 eorumque
1071 3055 1215 3117 etntionee
1234 3055 1264 3116 in
1280 3054 1416 3117 Zodiaoo

360 3159 365 3168 '
434 3154 474 3215 ab
497 3163 633 3236 utroquo
653 3162 899 3216 commentatore
925 3153 1009 3216 huno
1032 3156 1062 3215 in
1084 3153 1210 3216 modum
1228 3174 1415 3216 enumeren-

435 3263 511 3315 tur:
539 3253 593 3315 sot
614 3252 646 3314 in
660 3252 784 3327 Ario-tm
810 3256 893 3316 Mora
915 3253 948 3314 in
971 3252 1182 3335 Cuprieomo;
1210 3253 1362 3315 Saturnua
1383 3251 1415 3313 in

434 3350 545 3423 tium
580 3349 701 3432 iupiter
728 3352 758 3411 in
783 3353 927 3424 Cancro;
955 3350 1085 3412 Veneris
1106 3351 1192 3412 etelia
1216 3351 1246 3411 in
1268 3350 1417 3412 Piscibus.

436 3449 589 3512 iioctenua
613 3449 653 3511 ad
674 3451 806 3512 verbum
823 3448 963 3523 reddidi,
984 3470 1064 3531 quoe
1082 3448 1113 3509 in
1134 3446 1201 3530 ipso
1223 3447 1361 3509 carmine
1382 3456 1415 3507 et

435 3548 465 3608 in
488 3547 609 3610 acholiia
632 3548 795 3632 leguntur3
817 3547 857 3610 ad
877 3548 1097 3610 aatronomirae
1120 3568 1196 3608 vero
1220 3547 1357 3609 rutionea
1378 3566 1413 3607 ea

434 3646 578 3728 exigenda
603 3648 749 3732 relinquo
771 3646 846 3709 viria
865 3646 981 3723 doctia,
1002 3648 1055 3730 qui
1075 3646 1153 3710 coeli
1172 3659 1285 3706 memus
1304 3645 1412 3706 deacri-

432 3746 503 3807 bunt
522 3746 614 3808 radio
631 3760 661 3808 et
679 3748 831 3828 aiu-gentio
847 3747 951 3809 audem
971 3747 1084 3810 dieunt.
1113 3745 1246 3807 Videant
1266 3754 1411 3807 astrono-

434 3846 493 3921 mi,
515 3869 554 3908 an
577 3846 714 3928 ringulae
733 3846 823 3908 huius
842 3846 1057 3928 descriptionis
1078 3855 1180 3928 portes
1198 3844 1268 3906 eatis
1287 3845 1369 3905 intur
1381 3866 1413 3907 ae

433 3953 624 4028 congruent;
648 3967 762 4029 porro,
783 3946 807 4008 ai
830 3944 891 4007 hoc
909 3946 968 4008 erit
982 3942 1230 4018 concedendum,
1255 3942 1412 4005 deducunt

434 4042 521 4118 inde,
544 4042 681 4119 utinam,
706 4055 882 4127 temporum
898 4044 1169 4128 computationem
1198 4042 1264 4104 indi
1286 4043 1410 4127 quidem

432 4145 546 4206 Rimae
568 4143 760 4206 nativitatem
778 4143 969 4220 tenonfinio
989 4143 1097 4204 aeutir
1116 4142 1269 4206 aeeundae
1289 4145 1411 4219 (ueta)

433 4252 465 4304 et
486 4242 598 4304 tertiae
617 4239 793 4327 (dederam)
817 4251 952 4324 mount:
981 4240 1034 4304 aed
1053 4240 1113 4301 iane
1134 4261 1222 4303 ernau
1242 4238 1410 4323 aiiegorieo

432 4339 644 4424 accipiendum
664 4362 728 4402 eane
749 4340 883 4403 videtur.
914 4340 945 4402 Si
966 4361 1042 4403 vero
1062 4338 1102 4400 ad
1124 4340 1281 4423 untiquum
1304 4359 1410 4401 rernm

432 4439 612 4500 memor-iuna
632 4438 820 4521 respicimur,
839 4438 980 4523 mythicia
998 4437 1286 4522 amplificationibus
1303 4437 1408 4502 detra-

433 4539 505 4609 ctio,
528 4547 620 4619 poeto
641 4537 672 4599 id
694 4548 813 4621 ternpus
833 4539 964 4600 innuisse
981 4538 1137 4620 putandus
1157 4545 1220 4613 eet,
1244 4557 1309 4621 qno
1329 4557 1407 4619 pro.

435 4638 511 4698 aiano
533 4648 604 4699 ante
627 4637 719 4720 ineius
739 4648 869 4700 aetatem
893 4637 960 4700 tutia
985 4640 1085 4724 iuerat
1104 4637 1239 4700 siderum
1262 4647 1406 4721 aspectus.

434 4734 522 4797 iiunr
543 4738 654 4799 itirnnr
675 4737 880 4821 horoscopum
903 4737 1022 4800 rodium
1045 4737 1271 4803 commentariis
1292 4740 1406 4802 iustru-
