3609 5817
375 738 431 820 89
679 728 767 815 Iar.
801 722 836 810 l.
872 717 972 811 Car.
1003 715 1177 806 ΧΧΙΙΙ.

375 948 525 1016 sacrificii
552 949 598 1015 tui
624 943 832 1024 turbatores,
858 938 964 1009 Sundi
991 957 1023 1004 et
1046 932 1221 1029 Upasundi
1247 932 1330 1014 lilii,
1357 933 1391 1008 in
1417 956 1480 1023 pu-

375 1096 438 1163 gna
469 1068 525 1135 lati
558 1065 678 1133 letiferi
710 1068 812 1132 instar
849 1083 945 1131 sunt:
981 1059 1131 1155 prolecto
1161 1080 1228 1123 non
1260 1058 1321 1124 tibi
1354 1054 1481 1122 tradam

313 1202 362 1283 24.
375 1191 522 1259 liliolum.
557 1179 683 1269 Ambo,
710 1208 778 1256 tum
796 1186 983 1264 Mirichus,
1011 1202 1077 1250 tum
1100 1181 1265 1264 Surihus,
1287 1182 1390 1254 fortes
1407 1200 1483 1249 sunt

376 1336 473 1411 atque
494 1318 609 1385 astuti:
636 1339 711 1383 cum
736 1316 855 1381 horum
880 1309 1037 1376 alterutro
1064 1308 1201 1374 sortasse
1227 1330 1287 1398 ego
1314 1328 1481 1397 pugnare-

375 1443 458 1520 ritn,
486 1441 611 1507 cinctus
637 1439 819 1504 amicorum
844 1433 990 1498 cohorte.

799 1725 1063 1754 *Ὕαν-

776 2064 924 2130 CAPUT
967 2065 1087 2131 xxttt.

709 2256 980 2347 Vastsnrnae
1008 2281 1155 2345 senno.

343 2575 366 2613 ι.
478 2543 583 2625 Quam
606 2542 692 2633 regis
719 2541 921 2616 orationem,
948 2537 1050 2603 fracta
1068 2559 1149 2629 prae
1172 2532 1289 2601 affectu
1309 2557 1391 2602 voce
1412 2558 1490 2629 pro-

380 2661 502 2743 lstam,
541 2662 638 2729 simul
665 2680 762 2754 atquc
797 2661 967 2729 audiverat
997 2660 1181 2742 Causicus,
1220 2656 1490 2751 indignabundus

340 2816 368 2854 a.
382 2786 465 2850 haec
490 2786 637 2876 reponit:
662 2782 798 2849 Dudum
819 2802 850 2848 te
876 2783 1040 2850 facturum
1060 2779 1224 2876 quiequid
1246 2799 1399 2876 peterem
1417 2778 1493 2875 pol-

382 2905 510 2985 licitus,
537 2930 627 2973 nunc
651 2905 753 2972 fidem
778 2905 886 2972 datam
904 2904 1086 2997 infringere
1110 2906 1214 2998 cupis.
1253 2904 1423 2971 Insuetnm
1444 2920 1493 2972 est

384 3027 590 3122 Raghuidis·,
629 3028 685 3096 tali
719 3028 819 3096 modo
860 3047 1006 3096 sanctam
1044 3030 1186 3096 veritatis
1222 3025 1331 3121 legem
1361 3028 1492 3098 violare.

345 3156 373 3215 5.
386 3148 485 3235 Quod
501 3154 527 3217 si
548 3170 615 3219 tute
634 3154 699 3220 hoc
724 3156 880 3233 sustines,
908 3152 1066 3246 equidem
1086 3152 1187 3218 abibo
1210 3153 1306 3217 sicuti
1331 3175 1494 3230 veneram.

385 3273 469 3342 Fide
494 3277 734 3369 promissorum
767 3277 930 3357 infracta,
968 3271 1184 3342 Cacutsthitle
1197 3324 1207 3354 ,
1239 3274 1384 3342 iucunde
1409 3278 1494 3343 visas

344 3406 462 3486 lcum
495 3389 570 3464 liliis
602 3404 674 3468 tuis.
725 3402 777 3466 Ira
812 3419 977 3467 commoto
1007 3401 1204 3468 l'isrrimitra
1236 3397 1294 3465 illo
1329 3402 1496 3496 sapiente,

388 3522 586 3588 contremuit
603 3540 688 3588 totns
711 3524 801 3587 orbis
825 3540 1003 3601 terrarum,
1026 3545 1197 3614 pavorque
1218 3520 1367 3612 Superos
1387 3522 1497 3588 inces-

347 3654 376 3714 5.
389 3646 438 3709 sit.
476 3643 667 3709 Vasishthas
692 3662 817 3723 antem,
842 3646 892 3709 vir
918 3663 1048 3710 sanctus
1075 3663 1108 3709 et
1131 3642 1299 3736 prudens,
1326 3668 1497 3737 emagno·

388 3790 462 3829 rum
487 3765 679 3858 Sapientum
706 3792 868 3846 numero,
901 3792 1005 3860 quum
1029 3765 1192 3832 mundmn
1215 3767 1405 3834 universum
1429 3786 1497 3836 ter·

388 3889 473 3953 roris
499 3891 646 3980 speciem
671 3915 750 3980 prae
777 3914 812 3955 se
838 3890 926 3956 serre
952 3888 1184 3971 intellexisset,
1210 3915 1324 3982 regem
1348 3891 1391 3956 ita
1412 3890 1499 3960 allo·

346 4026 377 4089 6,
391 4029 483 4075 cutus
514 4030 585 4077 cst:
627 4013 678 4079 Ex
708 4012 958 4080 lxvicuidarum
990 4016 1093 4105 stirpe
1125 4031 1306 4106 prognatus
1332 4031 1368 4082 tu
1403 4018 1497 4109 quasi

389 4158 546 4228 praesens
566 4160 600 4201 es
616 4139 698 4203 recti
724 4138 861 4229 effigies,
886 4157 1055 4218 constans,
1082 4138 1174 4228 pius,
1201 4135 1343 4221 faustus,
1367 4158 1498 4208 rectum

349 4290 377 4349 7.
392 4260 547 4327 deserere
573 4285 641 4327 non
664 4280 694 4328 te
721 4263 827 4328 decet.
876 4263 941 4325 Per
968 4260 1135 4353 triplicem
1158 4257 1322 4326 mundum
1347 4261 1498 4330 eelebre-

391 4405 462 4465 tus,
489 4383 721 4475 ollagliuidc!
748 4403 903 4477 tanquam
929 4386 978 4449 vir
1002 4386 1123 4465 iustus,
1148 4387 1184 4451 in
1204 4386 1312 4451 officio
1335 4402 1391 4452 tuo
1418 4407 1499 4478 pen·

348 4512 540 4589 &manet03
565 4508 758 4601 pravitatem
780 4506 937 4571 invehere
962 4530 1029 4571 non
1054 4524 1086 4573 te
1112 4503 1219 4573 decet.
1268 4506 1442 4576 Pollicitus
1467 4524 1499 4574 te

392 4654 463 4696 esse
482 4630 654 4709 lecturum,
678 4627 855 4721 postmodo
873 4651 975 4721 quum
998 4628 1243 4715 detrectaveris,
1262 4628 1386 4726 perdes
1404 4629 1501 4724 quio·

349 4775 378 4838 9.
393 4751 475 4847 quid
499 4754 562 4844 piis
588 4753 746 4845 operibus
772 4752 936 4818 meruisti:
963 4752 1074 4843 itaque
1091 4755 1227 4822 leam
1245 4755 1383 4824 dimitte·
1417 4750 1499 4832 Sue
