3609 5817
369 741 423 824 32
701 731 787 819 bra.
818 728 853 820 1.
890 724 991 820 Car.
1022 728 1128 823 Vll.

321 976 348 1019 a.
363 953 613 1021 coniunctarum
647 948 780 1042 penitus
812 950 914 1041 gnari.
975 946 1125 1016 Aderant
1157 965 1327 1041 practerea
1359 948 1467 1019 cidem

361 1074 509 1168 principi
535 1092 610 1141 octo
637 1072 692 1140 alii
716 1072 877 1153 ministri,
899 1071 1036 1162 integri,
1061 1068 1142 1152 lidi,
1167 1073 1202 1138 in
1228 1073 1383 1142 curandis
1405 1079 1468 1143 im-

319 1209 349 1273 3,
361 1197 448 1289 perii
479 1196 673 1264 muneribus
707 1194 852 1263 assidui:
889 1193 1064 1263 Dhrisbtes
1076 1242 1086 1274 ,
1115 1192 1286 1288 Jayantas,
1317 1196 1467 1292 Vijayas,

362 1318 584 1388 Siddhasmm
614 1339 648 1387 et
669 1317 961 1399 Arthasddhacns,
994 1316 1123 1384 Asocus
1144 1316 1466 1415 Dbarmapdlasqne,

318 1441 501 1523 dnumero
536 1439 683 1534 deniqne
707 1457 838 1507 octavus
861 1436 1051 1505 Sumuntras
1073 1434 1116 1522 2).
1166 1437 1210 1505 Hi
1236 1438 1388 1509 doctrina
1415 1445 1467 1509 in·

362 1565 483 1647 stituti,
507 1561 668 1644 modesti,
693 1558 840 1640 nobiles,
872 1555 1068 1651 cupidinmn
1093 1575 1331 1652 temperantes,
1357 1563 1466 1630 consi-

321 1684 484 1755 aliorum
508 1712 547 1753 ac
571 1704 710 1752 nutunm
734 1684 852 1777 periti,
877 1706 1011 1774 semper
1035 1683 1071 1747 in
1092 1684 1273 1749 amicorum
1292 1682 1465 1752 commoda

361 1812 497 1894 intenti,
522 1810 696 1877 virtutibus
720 1805 886 1901 praediti,
912 1828 1027 1874 omnes
1048 1804 1144 1873 valde
1169 1809 1317 1890 strenui,
1342 1806 1466 1874 asside-

316 1939 346 2002 6.
360 1934 441 2001 bant
469 1936 540 2027 regi
570 1933 667 2001 sicuti
695 1931 821 1999 Vasnes
847 1930 984 1999 Vdsavo·
1041 1929 1095 1997 Ab
1127 1927 1267 1998 aliorum
1299 1931 1465 1999 obtrecta-

361 2061 451 2128 tione
478 2077 572 2125 erant
596 2057 724 2139 aversi,
760 2080 824 2123 nec
848 2056 1007 2124 virtutum
1030 2080 1163 2123 suarum
1188 2056 1284 2149 copia
1310 2055 1464 2149 superbi-

481 2274 591 2335 fectus.
611 2271 670 2332 Hic
683 2268 807 2355 utrique
820 2269 931 2332 eodem
944 2269 1070 2332 nomine
1085 2269 1299 2354 designandum
1314 2268 1367 2332 sed
1384 2289 1463 2331 ese·

483 2371 646 2456 questibus
659 2380 753 2454 patet,
763 2368 959 2431 Vasisbtbam
972 2369 1080 2453 priore
1096 2391 1224 2431 munere
1235 2370 1376 2431 functum
1390 2389 1461 2430 esse.

401 2473 436 2549 9)
456 2472 563 2534 Exstat
589 2470 619 2531 in
640 2471 723 2534 Rau.
742 2471 786 2546 ll,
808 2489 835 2533 c.
851 2468 987 2546 LXVII,
1013 2468 1121 2531 1-3.
1146 2469 1360 2531 ministrorum
1384 2468 1463 2552 regis

480 2569 684 2646 enumeratio,
708 2569 747 2631 ab
765 2569 823 2630 bac
839 2570 931 2651 longe
952 2568 1073 2630 diversa
1079 2615 1090 2649 ,
1111 2591 1205 2652 quam
1221 2569 1344 2653 nequis
1362 2570 1462 2649 suspi-

482 2679 572 2731 cetur
593 2670 632 2730 ab
654 2667 790 2730 ciusdem
807 2678 920 2751 poetae
940 2690 1033 2730 mann
1053 2669 1209 2751 proficisci
1227 2690 1290 2731 uon
1308 2669 1463 2752 potuisse,

481 2790 618 2845 moneo,
642 2788 678 2829 re
706 2789 779 2829 vera
802 2768 932 2829 alteram
962 2768 1052 2830 alteri
1077 2789 1142 2830 non
1164 2787 1347 2853 repugnare.
1393 2768 1464 2829 lstic

480 2868 562 2930 enim
584 2867 638 2951 qui
659 2876 900 2946 enumerantur,
921 2889 1026 2929 omnes
1043 2876 1115 2930 sunt
1132 2868 1359 2946 Brachmanae,
1380 2869 1462 2930 inter

480 2986 532 3028 eos
544 2965 746 3027 Vimaddvus.
788 2967 828 3027 Hi
846 2987 918 3027 cum
937 2967 1047 3028 ceteris
1065 2965 1145 3050 regis
1162 2967 1308 3029 ministris
1328 2966 1461 3028 concilio

480 3065 603 3145 habito,
623 3065 815 3129 coniunctim
834 3064 1032 3127 Vasishtham
1047 3066 1173 3127 adeunt.
1205 3066 1329 3128 Scilicet
1341 3064 1461 3128 Brach-

479 3167 594 3245 manis,
616 3165 668 3249 qni
690 3166 783 3228 saeris
803 3165 834 3225 in
858 3165 928 3225 aula
957 3167 1041 3248 regia
1065 3175 1248 3247 praeerant,
1273 3164 1305 3226 in
1326 3164 1459 3226 admini-

475 3266 606 3330 strando
627 3286 754 3351 qnoque
771 3264 903 3346 imperio
923 3285 1032 3346 magna
1052 3262 1253 3327 tribuebatur
1275 3266 1459 3337 auctoritas,

476 3375 612 3428 attamen
627 3386 690 3426 non
711 3363 770 3446 ipsi
787 3362 911 3446 singuiis
928 3360 1001 3424 belli
1021 3365 1166 3446 pacisque
1186 3362 1366 3424 muneribus
1386 3363 1458 3424 sun-

474 3466 638 3550 gebantur.
682 3463 744 3541 Qui
766 3472 870 3524 autem
896 3460 950 3524 hic
971 3473 1195 3525 enumerantur
1224 3472 1315 3543 octo,
1345 3462 1459 3526 borum

475 3573 540 3626 tres
561 3562 684 3646 priores
707 3559 825 3622 ordinis
848 3561 990 3623 militaris
1005 3560 1088 3624 viros
1104 3561 1210 3641 fnisse,
1229 3561 1302 3645 ipsis
1323 3562 1459 3625 nomini-

476 3662 533 3724 bus
553 3660 747 3731 declaratum
770 3669 917 3742 quartum
938 3669 969 3721 et
991 3661 1150 3744 quintum,
1177 3683 1311 3746 quorum
1333 3662 1458 3725 nomina

393 3786 396 3792 ·
476 3759 516 3822 ad
541 3781 616 3844 opes
632 3758 824 3843 quaerendas
845 3757 1003 3840 albdunt,
1035 3759 1130 3822 tertio
1153 3760 1258 3823 ordini
1282 3762 1459 3824 adscribere

476 3861 589 3921 malim.
633 3857 689 3921 His
708 3857 839 3919 fumasse
858 3858 1016 3920 redituum
1035 3868 1066 3919 ct
1084 3881 1285 3943 expensarum
1303 3882 1380 3923 cura
1399 3860 1459 3922 suit

476 3958 669 4020 demandata.
710 3956 892 4019 Sumuntras
914 3968 984 4020 erat
1002 3959 1081 4042 regis
1096 3958 1222 4044 auriga,
1242 3959 1329 4045 qnod
1346 3982 1458 4032 munus

474 4058 579 4120 uirum
596 4059 762 4121 militarem
776 4058 905 4119 maxime
921 4057 1018 4119 decet.
1031 4092 1071 4109 -
1091 4056 1268 4121 Vasisbtbas
1287 4068 1353 4122 tum
1376 4062 1458 4122 inter

476 4165 592 4240 septem
600 4157 758 4241 Sapientes
774 4165 962 4235 remoretur,
976 4164 1043 4218 tum
1057 4157 1088 4218 in
1097 4156 1204 4222 Manus
1216 4157 1324 4220 codice
1338 4161 1380 4237 (l,
1389 4154 1457 4235 36.)

476 4257 560 4318 inter
582 4254 689 4318 decem
710 4254 932 4342 Propitores
954 4255 1047 4317 ‹lcdm
1069 4256 1299 4342 bominumque.
1344 4258 1458 4342 llymni

475 4356 597 4439 aliquot
613 4357 645 4417 in
661 4354 754 4419 Vadis
775 4352 839 4418 eius
857 4376 969 4417 nomen
988 4377 1064 4439 prae
1081 4378 1112 4418 se
1133 4357 1248 4420 ferunt.
1289 4355 1389 4419 Semel
1407 4358 1456 4420 di-

476 4464 562 4518 ctum
579 4453 637 4532 sit,
657 4464 783 4537 pectam
801 4453 832 4515 in
850 4454 942 4517 rcbns
961 4452 1178 4539 mythologicis
1200 4455 1352 4517 rationem
1374 4466 1455 4519 tem.

475 4575 592 4638 porum
609 4554 702 4637 plane
719 4575 783 4616 non
800 4575 930 4633 curare,
951 4576 1048 4638 quum
1061 4566 1114 4617 aut
1133 4555 1360 4634 arbitraretur,
1381 4557 1456 4619 tales

476 4654 560 4717 viros
578 4654 682 4716 multis
700 4653 880 4717 mortalium
903 4654 1011 4717 seculis
1032 4655 1248 4738 supervixisse,
1269 4666 1324 4718 aut
1346 4677 1456 4719 eoram

477 4753 636 4817 consortio
657 4775 743 4838 reges
761 4753 912 4819 heroicae
931 4755 1039 4819 aetatis
1062 4756 1216 4820 iilustrare
1238 4755 1337 4820 vcllct.
