3609 5817
425 695 506 775 ¹08
682 685 769 771 Lm
802 680 836 769 l.
874 678 975 774 Car.
1008 682 1224 778 XXXIV.

374 899 515 984 abent,
540 902 672 995 imperii
697 919 813 995 eaput,
839 902 974 970 uomlue
992 901 1196 994 Girivrajam.
1232 905 1323 974 llaec
1343 906 1416 999 ipse
1434 923 1534 990 tem,

418 1026 532 1108 Raima,
557 1026 664 1094 Vastis
686 1028 779 1095 istius
796 1024 859 1093 suit
876 1027 1030 1120 propria:
1053 1028 1151 1113 bine,
1177 1056 1274 1113 eece,
1300 1054 1438 1126 quoquo
1460 1057 1535 1101 ver-

375 1164 406 1227 9·
419 1173 475 1219 tua
504 1150 654 1245 quinqua
686 1149 849 1219 mentium
886 1152 963 1245 iuga
996 1152 1124 1224 eminus
1163 1172 1353 1222 cernuntur.
1417 1155 1534 1224 Amnis

419 1297 577 1343 amoenus
601 1292 641 1358 et,
659 1272 786 1355 clarus,
812 1273 1056 1369 Sumdgadbes,
1082 1273 1126 1343 ad
1145 1276 1390 1371 Magadhorum
1411 1296 1537 1348 terram

421 1419 621 1478 conversus,
644 1398 679 1464 in
704 1394 816 1463 medio
840 1398 990 1489 quinque
1016 1398 1180 1464 montium
1202 1400 1296 1491 quasi
1322 1416 1449 1468 eertum
1473 1400 1534 1468 llo·

362 1534 407 1579 ¹⁰·
420 1545 516 1587 reum
534 1521 626 1586 nitet.
665 1518 756 1586 llaec
781 1520 853 1613 ipsa
879 1536 930 1587 est
952 1536 1039 1585 terra
1053 1519 1305 1614 blagadhensis,
1328 1521 1454 1589 avua
1471 1522 1537 1589 isto

421 1644 631 1735 magnanim0
653 1642 733 1709 olim
754 1666 923 1735 possessa,
949 1640 1084 1724 fertilis,
1110 1643 1309 1737 frugumque
1332 1668 1459 1713 corona
1478 1667 1534 1713 re·

363 1778 408 1819 ¹¹·
422 1765 546 1835 dimita.
577 1767 794 1836 Cusanalbbus
810 1791 900 1847 vero,
925 1763 1114 1861 Raghuide,
1138 1764 1278 1859 Sapiens
1293 1766 1425 1862 regalis,
1447 1769 1535 1862 pius,

423 1915 441 1955 e
467 1890 614 1984 nympha
639 1890 833 1958 Gbriulehia
867 1891 1001 1958 eximias
1034 1906 1168 1957 centum
1201 1889 1329 1983 puellas
1354 1893 1532 1984 generavit.

280 2111 285 2118 .
363 2020 408 2063 ¹²·
423 2016 493 2082 Hae
518 2013 625 2080 forma
650 2032 683 2081 et
705 2016 837 2080 iuventa
861 2011 1027 2093 decorae,
1066 2010 1244 2105 aliquando
1274 2012 1417 2108 eleganti
1444 2012 1534 2084 cultu

422 2138 458 2202 in
475 2133 668 2201 viridarium
689 2160 857 2228 egressae,
883 2135 1051 2229 fulgurum
1066 2137 1169 2201 instar
1184 2132 1296 2226 pluvia
1311 2139 1390 2203 anni
1404 2154 1534 2232 tempe-

364 2241 409 2306 ¹3·
422 2274 504 2326 state
520 2260 779 2337 coruscantium,
806 2274 992 2338 cantantes,
1017 2256 1187 2337 saltantes,
1206 2254 1396 2351 fidibusque
1412 2283 1535 2330 canen-

421 2401 488 2464 tes,
507 2405 633 2449 summa
654 2378 776 2447 laetitia
796 2378 1029 2460 lasciviebant,
1052 2379 1214 2471 exquisito
1242 2378 1369 2449 mundo
1391 2399 1534 2449 ornatae.

364 2498 408 2581 tl·
423 2509 514 2593 Quas
547 2530 652 2601 quum
684 2504 820 2572 vidisset
851 2521 920 2573 toto
957 2526 1099 2596 corpore
1130 2522 1303 2595 venustas,
1342 2503 1450 2571 forma
1471 2527 1535 2600 per

422 2632 540 2698 orbem
565 2649 731 2697 terrarum
747 2627 1043 2722 incomparabiles,
1069 2627 1138 2693 A'e‘r
1159 2628 1269 2691 omnia
1288 2651 1465 2719 permeans
1484 2645 1534 2695 ta-

365 2758 409 2821 15.
423 2752 466 2820 lia
483 2753 589 2821 latur:
613 2754 684 2844 Ego
712 2778 768 2819 vos
794 2776 909 2821 omnes
935 2750 1155 2843 concupisco,
1180 2774 1368 2843 uxoresque
1390 2773 1447 2818 vos
1471 2749 1533 2818 du·

424 2900 506 2942 cam.
555 2874 774 2966 Relinquetur
798 2897 869 2939 sors
894 2873 1058 2941 humana:
1084 2899 1200 2940 aevum
1231 2871 1426 2940 diuturnum
1450 2898 1534 2940 nau·

365 3000 604 3071 rtieiscemini.
640 2998 780 3092 Fragilis
806 3023 940 3091 semper
962 3015 1011 3064 est
1035 2998 1182 3079 iuventa,
1207 2998 1389 3091 praecipue
1415 2998 1451 3063 in
1476 3023 1535 3091 gc-

422 3148 504 3193 nere
528 3124 691 3193 humano:
718 3146 793 3206 vos,
820 3139 1018 3217 perpetuam
1043 3122 1210 3189 iuventam
1233 3138 1365 3202 nactae,
1396 3121 1535 3188 immor-

365 3246 504 3329 trudes
527 3246 660 3343 puellae
685 3246 778 3313 fietis.
814 3244 939 3315 Audito
962 3268 1116 3313 sermone
1141 3244 1238 3311 A‘e'ris
1250 3294 1259 3325 ,
1285 3244 1414 3338 impetu
1434 3242 1534 3312 iude·

420 3370 517 3455 sessi,
543 3389 678 3439 centum
702 3372 782 3437 istae
806 3368 957 3466 puellae,
983 3371 1018 3436 in
1043 3366 1229 3436 ludibrium
1252 3390 1325 3432 rem
1348 3384 1536 3449 vertentes,

363 3502 409 3566 18.
421 3522 488 3566 uno
513 3521 574 3567 ore
603 3494 835 3590 respondent:
870 3497 927 3562 Tu
958 3511 1132 3563 ventorum
1163 3490 1315 3571 domiue,
1358 3508 1394 3558 ut
1427 3491 1534 3572 aiunt,

421 3641 619 3691 cunctorum
644 3622 859 3687 animantium
883 3620 1089 3714 penitissima
1118 3612 1292 3712 pervadis3
1329 3636 1390 3680 nos
1416 3634 1534 3680 omnes

420 3750 604 3840 potentiam
628 3764 719 3813 tuam
744 3745 853 3837 prebe
867 3746 1033 3812 novimus:
1059 3765 1164 3835 quare
1181 3736 1399 3835 contemptim
1418 3733 1535 3803 nobis·

363 3891 499 3953 tonum
519 3868 614 3961 egis?
650 3867 841 3938 Cusandblri
867 3866 954 3933 filiae
979 3889 1091 3931 sumus
1117 3880 1275 3942 cunctae,
1299 3858 1442 3926 idoneae
1466 3845 1535 3925 sci·

419 3990 516 4075 licet,
541 3991 710 4086 Superum
734 3993 912 4085 princeps,
935 4013 1021 4083 quae
1046 3984 1148 4055 deum
1174 4003 1259 4054 statu
1280 4007 1339 4051 suo
1361 3980 1534 4049 dimovea-

358 4133 408 4176 20·
418 4141 510 4203 mus3
536 4135 680 4184 attamen
704 4114 912 4184 nobilitatem
937 4132 1084 4181 nostram
1106 4129 1247 4178 tuemur.
1280 4102 1382 4191 Quod
1406 4106 1534 4172 utinam

419 4265 463 4309 ne
488 4258 621 4333 tempus
647 4265 794 4333 unquam
821 4237 996 4318 adveniat,
1034 4229 1158 4331 stulte!
1182 4266 1233 4280 -
1255 4264 1306 4279 ·-
1329 4228 1406 4296 Non
1433 4251 1533 4310 sanc,

419 4381 533 4459 spreto
557 4382 653 4459 patre
678 4362 845 4445 veridico,
870 4360 1069 4429 electionem
1094 4358 1209 4451 sponsi
1235 4380 1275 4423 ex
1300 4371 1415 4421 nostro
1442 4352 1534 4419 arbi-

357 4489 484 4555 anuto
510 4490 682 4556 ambimus.
715 4490 813 4554 Pater
832 4488 947 4581 utique
967 4502 1016 4551 est
1037 4481 1192 4550 dominus
1208 4497 1337 4548 noster:
1363 4479 1391 4544 is
1411 4476 1534 4543 summi

421 4613 565 4678 numinis
588 4615 700 4678 instar.
752 4612 952 4705 Cuicumque
986 4624 1046 4677 no's
1080 4627 1175 4701 pater
1205 4624 1347 4699 nuptum
1380 4598 1531 4679 dederit,
1616 4697 1619 4702 Ι

358 4731 476 4799 mitte
501 4735 574 4826 ipse
598 4737 696 4801 nobie
722 4738 781 4800 erit
810 4739 954 4802 maritus.
1006 4734 1153 4819 Quarum
1180 4728 1278 4797 dictis
1304 4724 1425 4794 auditis
1444 4723 1532 4805 Ait,
