3609 5817
370 731 456 816 220
650 726 741 815 Ius.
771 724 808 816 1.
847 721 948 817 Cas.
977 721 1187 822 LXXIV.

374 961 484 1011 ratum
510 943 648 1010 cohorte
674 942 922 1038 Raghuidisque
953 946 1016 1012 iter
1040 943 1174 1011 facienti
1203 942 1367 1012 obscenae
1388 943 1483 1016 toln·

333 1083 450 1146 meres
483 1065 633 1160 undique
667 1070 776 1136 omina
805 1070 979 1151 occinere,
1018 1092 1057 1136 ac
1090 1067 1188 1135 simul
1220 1086 1358 1135 cunctae
1390 1067 1483 1138 ferae

375 1207 549 1258 terrestres
576 1215 690 1259 uersus
715 1192 884 1259 dexteram
913 1192 1110 1276 decurrere3
1144 1190 1266 1284 quibus
1291 1193 1481 1285 conspectis

322 1332 366 1374 ιο.
376 1337 435 1379 rex
461 1315 706 1408 augustissimus
732 1341 772 1382 ex
792 1315 968 1383 Vasishtba
993 1316 1169 1408 quaesivit>
1187 1310 1291 1382 Eece!
1317 1314 1483 1382 obscenae

377 1435 529 1505 volucres
559 1438 693 1505 infausti
718 1441 853 1520 ominis,
888 1438 1046 1532 feraeque
1079 1461 1192 1505 versus
1224 1434 1398 1504 dexteram
1422 1433 1485 1504 de-

379 1558 565 1627 currentes!
601 1560 691 1647 Quid
716 1563 781 1629 hoc
803 1581 867 1643 est,
900 1561 993 1655 quod
1016 1560 1118 1628 corda
1143 1558 1348 1628 tremefacit?
1383 1559 1484 1627 Mene

321 1701 451 1749 tumea
484 1699 534 1749 est
565 1683 767 1752 conturbata.
824 1681 949 1752 Audito
977 1684 1065 1777 regis
1094 1682 1296 1750 Dararatbae
1326 1704 1482 1750 sermone

377 1830 514 1900 maguus
539 1826 627 1874 vates
652 1805 744 1874 dulci
769 1830 850 1875 soce
879 1806 966 1874 infit:
997 1804 1104 1888 Audi,
1141 1804 1224 1898 quid
1254 1805 1320 1872 hoc
1344 1821 1483 1899 porsen-

321 1928 446 2002 tn.dat.
496 1930 598 1998 lustat
621 1930 810 2024 periculum
834 1928 1058 2012 horrendum,
1091 1953 1131 1996 ex
1156 1925 1329 1996 voluerum
1352 1926 1483 1996 divina-

377 2080 532 2124 rumore
557 2054 741 2149 prolatum3
772 2054 863 2123 forae
888 2055 969 2121 istae
993 2077 1072 2121 vero
1094 2071 1127 2121 tc
1156 2050 1318 2120 solantur:
1350 2048 1481 2118 dimitte

321 2180 463 2248 abbane
488 2179 783 2272 perturbationem.
832 2176 923 2242 Dum
947 2176 983 2241 bi
1013 2177 1100 2241 inter
1126 2200 1161 2243 se
1193 2173 1482 2268 colloquebantur,

376 2303 493 2394 ingens
526 2301 624 2368 turbo
659 2301 833 2393 prorupit,
868 2297 1098 2366 tremefaciens
1135 2315 1258 2364 terram
1287 2296 1485 2378 universam,

321 2428 366 2510 ιζ.
378 2448 581 2517 magnosque
614 2423 749 2491 arbores
780 2440 1005 2517 prosternens.
1063 2419 1122 2488 Sol
1158 2418 1304 2488 tenebris
1330 2415 1392 2484 fuit
1424 2417 1487 2484 ob·

378 2544 523 2626 volutus,
560 2571 658 2614 nemo
692 2545 776 2613 coeli
810 2546 922 2640 plagas
955 2544 1157 2637 distinguere
1191 2559 1340 2636 poterat;
1379 2559 1485 2609 totum

380 2693 497 2760 agmen
533 2668 640 2749 istud,
675 2671 786 2735 cinere
816 2687 1031 2761 coopertum,
1072 2685 1142 2734 crat
1174 2668 1268 2760 quasi
1301 2666 1485 2733 anonitum.

327 2787 573 2857 15·Vasishthas
608 2793 777 2882 ceterique
812 2809 917 2872 uates,
954 2815 1014 2857 rex
1048 2814 1183 2883 quoque
1211 2814 1288 2858 cum
1319 2787 1396 2856 filiis
1417 2789 1486 2857 suis

383 2912 483 2977 animi
505 2910 751 3004 quodammodo
779 2931 950 3005 compotes
981 2930 1188 2995 manserunt,
1221 2911 1344 3005 reliqui
1370 2933 1486 2979 ornnes

326 3032 559 3102 ebersternati
584 3032 687 3102 fuere.
742 3036 781 3101 ln
812 3036 875 3103 hac
899 3054 1008 3103 autem
1031 3035 1200 3103 horrenda
1226 3034 1366 3128 caligine
1389 3057 1486 3102 exer-

381 3159 464 3225 citus
488 3159 550 3225 iste
569 3160 680 3226 cinere
695 3161 789 3252 qutasi
805 3159 979 3227 obvulutus
998 3162 1179 3252 conspexit,
1201 3157 1342 3225 terribili
1366 3157 1484 3262 forme,

322 3282 508 3376 respicere
524 3305 637 3349 comae
651 3280 767 3376 plexae
784 3300 965 3377 gestantem
975 3280 1190 3376 bhriguidcm
1202 3279 1484 3375 Jamadagncium,

376 3429 493 3499 regum
516 3430 611 3498 reges
643 3403 850 3473 contundere
875 3405 1025 3499 solitum3
1056 3402 1362 3499 inexsuperabilem
1385 3401 1484 3471 sicuti
1548 3451 1552 3462 ·

377 3548 525 3597 montem
560 3529 743 3611 Cadmum,
783 3530 1024 3599 indomabilem
1063 3531 1159 3598 sicuti
1197 3527 1328 3597 fatalem
1365 3523 1485 3595 mundi

321 3654 367 3718 18.
377 3650 686 3745 conflagratioucrn3
720 3652 860 3718 humero
886 3653 1006 3719 iniecta
1032 3653 1157 3738 securi,
1182 3669 1381 3747 exprompta
1407 3675 1486 3719 cum

377 3775 491 3866 sagitta
516 3774 675 3839 acerrima
701 3798 792 3858 arcu,
818 3772 993 3840 fulminum
1015 3776 1121 3842 nimbi
1146 3778 1257 3856 instar,
1284 3774 1389 3869 qualis
1411 3773 1486 3842 fue-

320 3915 426 3986 19.rat
436 3894 560 3963 faustus
574 3895 631 3963 illc
645 3923 751 3976 arcus,
768 3922 835 3990 quo
848 3900 1014 3992 Tripurus
1033 3924 1146 3966 caesus
1162 3919 1219 3966 cst
1247 3900 1354 3982 Quem
1371 3901 1486 3993 specie

375 4019 561 4086 terribilem
591 4022 687 4087 sicuti
721 4021 883 4087 flammam
907 4046 1079 4089 coruscam
1102 4023 1324 4089 Brachmanae
1367 4023 1486 4090 tacitae

377 4146 579 4236 precationis
610 4145 762 4239 ignisque
798 4148 882 4213 sacri
916 4145 1054 4214 studiosi
1087 4172 1190 4242 quum
1224 4146 1485 4239 conspexissent,

318 4284 369 4328 ao·
379 4270 489 4334 cuncti
510 4269 686 4336 Vasishtba
717 4269 803 4336 duce
843 4272 1011 4363 congressi
1034 4269 1116 4338 tales
1141 4292 1310 4337 sermones
1334 4269 1423 4334 inter
1448 4291 1485 4336 se

379 4388 541 4456 submissa
566 4415 647 4459 voce
673 4417 798 4459 serore:
824 4393 912 4460 Num
935 4393 1020 4461 forte
1044 4394 1147 4486 patris
1174 4390 1309 4458 caedem
1333 4389 1487 4484 indigua·

320 4529 432 4580 sutus
466 4512 620 4581 ordinem
653 4513 829 4582 militarem
863 4516 1090 4583 internecione
1125 4513 1273 4583 delebit?
1307 4511 1484 4606 Siquidem

378 4633 471 4711 olim,
499 4635 638 4704 bellicae
663 4640 775 4731 stirpis
801 4638 902 4706 caede
924 4639 1017 4719 facta,
1043 4641 1124 4706 iram
1140 4663 1232 4708 suam
1255 4640 1486 4732 impetumque

381 4755 521 4839 sedavit,
556 4783 624 4826 non
655 4785 732 4826 sane
763 4785 851 4826 uum:
879 4758 991 4830 denuo
1016 4760 1142 4829 ordinis
1172 4764 1322 4834 militaris
1352 4760 1483 4831 cladem
