3609 5817
361 734 415 814 62
689 726 778 812 Ltn.
805 722 839 811 l.
876 718 976 813 Car.
1007 720 1131 815 xlv.

359 941 517 1010 domitor!
544 967 605 1037 per
632 942 823 1011 diuturnum
847 960 977 1038 ternpus
1003 966 1073 1010 sese
1099 945 1343 1010 excruciaverat
1367 967 1459 1013 seve-

358 1068 485 1132 rissima
510 1067 722 1147 abstinentia,
748 1092 814 1161 qua
833 1091 970 1161 magnus
995 1067 1090 1138 hicce
1110 1093 1223 1137 rernm
1238 1071 1361 1137 Parens
1379 1091 1461 1163 pro-

297 1188 458 1283 supinus
484 1191 547 1283 ipsi
573 1187 724 1258 redditus
750 1208 807 1258 est
858 1191 972 1286 ltaque
1002 1188 1106 1260 almus
1139 1210 1290 1262 votorum
1320 1215 1462 1288 sponsor

358 1309 440 1380 olim
469 1315 500 1380 ei
529 1317 692 1382 concessit
722 1315 929 1383 securitatem
959 1315 1000 1382 ab
1038 1318 1192 1386 omnibns
1225 1317 1462 1400 animantibus,

296 1430 548 1508 lhhominibus
573 1456 682 1505 nmen
706 1440 862 1532 exceptis.
913 1439 1002 1510 ll'mc
1021 1437 1116 1508 illum
1129 1493 1139 1523 ,
1165 1444 1231 1510 voti
1255 1458 1461 1535 compotem,

358 1582 427 1627 non
451 1559 584 1627 aliunde
609 1586 709 1656 quam
732 1564 774 1629 ab
796 1563 932 1633 homine
953 1563 1053 1631 necis
1071 1563 1260 1660 periculum
1283 1583 1400 1657 urget:
1423 1583 1460 1633 tn

296 1675 347 1757 4²·
360 1708 457 1777 ergo,
489 1683 690 1752 humanitate
714 1704 897 1782 assumpte,
928 1707 1005 1754 enm
1029 1687 1189 1758 interfice.
1239 1685 1296 1754 Sic
1319 1689 1462 1755 monitus

359 1806 520 1888 Vishnus,
537 1804 703 1900 Super-tim
719 1810 895 1904 princeps,
915 1831 1017 1902 quent
1033 1807 1179 1878 mundus
1195 1810 1366 1876 universus
1381 1808 1463 1879 ado·

296 1924 347 2002 43·
359 1950 426 2013 rat,
450 1956 605 2026 magnum
624 1935 799 2000 Parentem
823 1949 1020 2030 ceterosque
1036 1932 1136 2016 deos,
1161 1935 1197 2000 in
1219 1932 1362 2001 coneilio
1382 1957 1464 2002 cou-

359 2073 527 2150 gregatos‚
555 2058 639 2123 recti
667 2075 836 2138 auctores,
863 2057 999 2125 affatur:
1030 2057 1154 2124 Mittite
1179 2058 1353 2140 timorem,
1376 2056 1465 2127 bene

298 2164 452 2247 livonia
484 2175 632 2246 eveniat!
668 2179 806 2246 Vestrae
834 2177 946 2247 salutis
977 2180 1100 2274 gratia,
1132 2197 1309 2272 postquam
1332 2179 1463 2273 proelio

359 2324 520 2368 necavero
541 2300 704 2368 Rivanam
733 2325 809 2368 cum
834 2300 910 2368 filiis
935 2301 1198 2393 nepotibusque,
1233 2324 1310 2367 cum
1326 2304 1464 2385 anricis,

297 2411 347 2493 l5·
359 2423 533 2504 ministris,
559 2423 706 2518 cognatis
731 2424 915 2516 sociisque,
942 2417 1112 2487 crudelem
1137 2423 1235 2489 istum
1255 2447 1353 2518 aegre
1372 2426 1466 2493 cohi-

358 2544 523 2627 bendum,
550 2550 608 2641 qui
626 2546 745 2614 divinis
765 2544 977 2638 Sapientibus
996 2563 1157 2613 terrorem
1174 2548 1302 2630 incutit,
1327 2573 1391 2641 per
1406 2547 1466 2615 ‹le-

361 2693 433 2735 cem
454 2669 557 2735 millia
576 2667 869 2736 annorumdecies
895 2670 1043 2735 centenis
1069 2667 1208 2751 additis,
1235 2672 1467 2740 commorabor

360 2791 395 2857 in
419 2789 607 2858 mortalium
632 2791 789 2873 sedibus,
824 2793 941 2859 orbem
973 2809 1136 2859 terrarum
1166 2793 1307 2886 imperio
1338 2818 1466 2888 regens

296 2907 348 2987 46·
361 2914 451 2979 Tum
477 2911 580 2979 divini
606 2912 781 3008 Sapientes
807 2931 841 2980 et
860 2914 888 2980 F
890 2912 1031 2981 idieines
1056 2917 1223 2983 coniuncti
1249 2941 1324 2983 cum
1348 2915 1468 2986 Rndris

361 3037 659 3134 Nympharumque
685 3040 795 3107 choris
818 3037 1030 3105 celebravere
1052 3036 1197 3106 Madhtls
1221 3038 1468 3108 interfectorem

362 3160 510 3255 hymnis,
537 3160 651 3255 quales
678 3159 793 3228 sedem
817 3162 998 3229 aetheriam
1023 3159 1153 3230 decent.

297 3290 349 3374 47.
461 3277 642 3354 »hionnam
667 3285 763 3353 illum
789 3284 1003 3367 insolentem,
1030 3286 1098 3352 aeri
1119 3286 1246 3379 impetn
1263 3303 1389 3368 actum,
1415 3312 1471 3355 sn-

361 3410 479 3503 perbia
504 3409 642 3491 elatum,
668 3408 836 3504 Superius
860 3410 1007 3490 hostem,
1035 3405 1191 3477 tumultus
1218 3410 1378 3491 cientem,
1408 3410 1470 3477 bo-

361 3556 481 3603 norum
502 3538 702 3629 piorumque
726 3553 872 3628 pestem,
903 3534 1104 3602 humanitate
1129 3550 1293 3625 assumpta
1318 3557 1470 3627 pessum-

363 3656 442 3723 dare
468 3676 560 3727 tuunt
582 3676 659 3726 estu
