3609 5817
424 703 479 780 90
725 689 816 779 Lus.
849 688 882 776 l.
921 684 1021 779 Car.
1053 686 1224 780 XXVI.

425 910 594 977 citantium
620 908 746 1001 plena,
777 908 947 988 leonibus,
979 908 1134 1000 tigribus,
1157 908 1263 998 apris,
1290 909 1392 987 ursis,
1418 885 1553 991 rbitror*-

365 1044 409 1107 15.
425 1034 592 1105 cerotibus
620 1033 871 1125 elephantisque
898 1031 1127 1124 frequentata3
1153 1028 1295 1104 danais,
1321 1034 1533 1111 asvacacais,

424 1156 601 1233 accubitis,
636 1157 751 1231 νίίνίε,
780 1155 950 1230 tirtdrtcis,
973 1154 1123 1246 pacata,
1155 1155 1250 1220 variis
1275 1153 1450 1220 arboribus
1476 1179 1535 1220 ve·
1588 1133 1609 1158 '⁴

364 1284 610 1376 neptibusque
636 1282 765 1363 obsita3
805 1305 871 1372 qno
897 1280 1032 1347 nomine
1059 1303 1096 1344 ea
1121 1274 1335 1370 appellaturi
1372 1274 1459 1342 Huic
1479 1301 1535 1346 ro·

423 1403 569 1499 spondet
585 1403 720 1470 illustris
739 1405 970 1483 Visvalmitras,
995 1426 1131 1493 magnus
1151 1400 1364 1500 anachoreta:
1391 1400 1535 1468 Auscul-

423 1548 478 1609 ta,
515 1552 602 1622 puer
631 1526 869 1606 Cacutstlride‚
907 1528 1077 1594 cuimnam
1109 1526 1152 1591 sit
1183 1527 1243 1591 ista
1277 1522 1413 1591 horrida
1443 1524 1534 1594 silva.

364 1674 409 1734 ¹7«
423 1652 518 1719 Duae
553 1653 615 1720 hae
643 1653 795 1745 regiones
831 1650 960 1744 amplae
991 1649 1187 1735 Malajorum
1221 1668 1255 1719 et
1289 1645 1534 1750 Canlshonqn,

423 1775 550 1868 optime
575 1771 792 1855 adolescens,
823 1772 903 1840 olim
931 1771 1043 1837 divim
1073 1770 1208 1862 opificio
1240 1768 1396 1838 formatae
1427 1769 1532 1840 suere.

363 1897 408 1964 18,
421 1899 466 1965 At
489 1896 607 1964 lndras
633 1895 725 1962 mille
750 1891 854 1962 ocalis
872 1892 1073 1986 splendens,
1099 1893 1184 1959 farne
1204 1890 1385 1985 impulsus,
1411 1911 1449 1959 ut
1464 1891 1533 1959 ser·

422 2040 498 2104 tur,
526 2047 620 2088 caeso
648 2023 739 2087 socio
765 2043 824 2086 suo
848 2018 1020 2084 liamuche
1034 2068 1043 2098 ,
1077 2036 1219 2111 propter
1251 2016 1359 2083 scelus
1392 2014 1531 2083 violatae

363 2171 407 2232 ις),
422 2145 584 2211 amicitiae
603 2142 757 2210 sordibus
775 2166 847 2207 sese
868 2141 1152 2208 contaminaverat,
1187 2139 1285 2205 llunc
1306 2137 1433 2205 ibidem
1449 2162 1533 2232 pro·

422 2270 509 2335 tinus
532 2267 654 2362 Superi
677 2292 752 2333 cum
772 2265 967 2358 Sapientum
989 2282 1086 2334 coetu
1106 2265 1216 2332 urceis
1231 2285 1391 2357 aquarum
1413 2259 1533 2331 lutra-

358 2415 406 2454 ao.
420 2388 503 2457 lium
521 2390 649 2485 plenis,
676 2417 809 2459 omnem
829 2388 992 2457 maculam
1008 2389 1221 2471 tollentibus,
1245 2388 1431 2455 abluerunt.
1465 2389 1533 2472 Qui

420 2509 503 2577 dens
535 2538 640 2609 quum
671 2513 707 2578 in
732 2513 796 2581 hae
828 2530 915 2578 terra
948 2509 1111 2578 maculam
1144 2510 1327 2604 sordesque
1361 2536 1400 2578 ex
1432 2513 1531 2579 amici

358 2633 602 2725 at.parricidio
636 2635 701 2728 ipsi
733 2632 950 2699 adhaerentes
983 2631 1215 2725 deposuisset,
1249 2657 1375 2699 summo
1411 2632 1531 2726 gaudio

420 2755 553 2822 allectus
572 2774 629 2822 est.
665 2760 771 2839 Quam
792 2760 937 2850 primum
958 2757 1073 2824 lndras
1100 2785 1117 2823 a
1142 2758 1281 2827 maculis
1305 2756 1529 2851 sordibusque

356 2896 574 2971 aa.purgatus
601 2878 722 2959 suerat,
750 2879 852 2945 laetus
879 2881 956 2947 huie
984 2901 1090 2948 terrae
1116 2905 1235 2949 munus
1262 2884 1418 2949 eximium
1448 2906 1530 2950 con·

420 3003 526 3068 cessit
577 3002 646 3067 llae
673 3001 756 3068 duae
784 3005 936 3097 regiones
962 3005 1113 3097 amplae,
1147 3007 1213 3085 ait,
1244 3004 1362 3070 samam
1387 3030 1450 3097 per
1475 3028 1531 3071 or-

356 3125 498 3205 a3‚bem
529 3141 692 3193 terrarum
724 3125 968 3219 adipiscentur,
1002 3126 1213 3220 Melajorom
1238 3146 1271 3194 et
1302 3127 1532 3197 caresianam

418 3245 543 3329 dietae,
565 3247 731 3342 siquidem
752 3251 902 3342 eorporis
923 3251 988 3315 mci
1007 3249 1149 3316 maculas
1171 3250 1355 3345 sordesque
1374 3254 1530 3321 retinent.

416 3370 533 3441 ilatum
559 3371 652 3439 estol
693 3374 737 3439 ita
765 3372 910 3466 Superi,
943 3372 1053 3442 audita
1078 3376 1222 3442 nominis
1248 3375 1485 3467 significatione
1511 3402 1530 3440 a

354 3492 541 3572 ²40Vdsavo
572 3493 724 3588 prolata,
765 3493 829 3562 deo
861 3493 971 3589 fruges
1004 3500 1179 3563 maturanti
1212 3516 1406 3565 annuerunt
1458 3498 1527 3563 llae

416 3612 500 3682 duae
522 3613 652 3706 amplae
676 3617 829 3706 regiones
854 3616 1051 3701 blalajorum
1077 3634 1109 3682 et
1136 3615 1380 3700 Camlshorum,
1417 3646 1436 3687 o
1462 3620 1525 3686 bo·

352 3737 514 3804 25.stium
538 3734 703 3815 domitor,
730 3733 790 3801 din
815 3733 982 3802 fertilitate
1008 3737 1202 3804 floruerunt
1252 3741 1389 3808 Postero
1415 3760 1526 3809 autem

414 3876 564 3951 tempore
581 3860 669 3925 Yaxa
692 3857 725 3942 ²)
747 3858 910 3953 quaedam
927 3857 1122 3951 versipellis,
1149 3859 1386 3941 robustissima,
1412 3880 1528 3955 utpote

412 3987 511 4001 ”fi—
522 3986 670 3999 m.

450 4036 487 4111 9)
509 4038 666 4103 Senserite
685 4043 824 4104 lbesbittt'
838 4067 860 4106 s.
881 4042 999 4120 liacsla',
1023 4042 1205 4104 femininum
1221 4042 1390 4105 deductum
1405 4065 1421 4101 a
1434 4064 1529 4103 arrasa.

541 4138 663 4207 l'aeslm.
705 4143 758 4203 l'st
790 4164 884 4225 goarus
907 4143 1140 4219 semideorum‚
1173 4164 1251 4226 quos
1277 4143 1386 4205 Latine
1411 4143 1527 4202 Genios

534 4238 607 4299 satis
633 4250 705 4320 apte
735 4242 795 4301 dici
825 4264 913 4323 posse
943 4243 1114 4304 arbitratus
1135 4264 1214 4309 sum.
1256 4243 1320 4305 Sed
1341 4242 1528 4303 vocabulum

535 4337 681 4399 Latinum
703 4341 851 4403 feminino
873 4354 977 4415 earet;
1001 4343 1039 4403 ad
1060 4343 1252 4404 Samaritam
1274 4345 1369 4425 igitur
1383 4354 1452 4404 erat
1469 4364 1523 4403 rc.

533 4437 701 4498 deundum.
745 4441 840 4500 Plane
863 4441 976 4503 diversi
999 4465 1016 4501 a
1039 4443 1172 4503 Bacasis
1193 4444 1425 4526 (Gigantibus)
1454 4452 1527 4502 suut

540 4536 644 4614 llari,
675 4542 814 4615 venusti,
846 4543 957 4616 mites,
990 4543 1089 4602 amori
1113 4553 1145 4603 et
1177 4542 1387 4622 voluptatibus
1415 4539 1523 4602 dediti.

535 4637 638 4697 Mores
659 4662 769 4698 eorum
790 4640 888 4720 pinxit
901 4642 1057 4705 callidicus
1074 4644 1106 4703 in
1125 4641 1263 4703 carnaim
1284 4640 1525 4723 elegantissimo,

534 4734 618 4812 quod
642 4737 738 4797 Nares
764 4762 876 4802 aarum
901 4743 1091 4804 inscribitur.
