3609 5817
389 740 445 817 80
703 730 790 817 lna.
822 724 857 815 1.
895 724 995 818 Cau.
1027 720 1177 814 xxtl.

326 973 372 1015 aa.
386 948 569 1027 staminas,
596 970 731 1039 maguus
757 944 961 1013 anachoreta.
1013 944 1055 1009 At
1080 964 1196 1033 regum
1221 961 1279 1005 rex
1286 990 1296 1021 ,
1322 935 1490 1007 intellecto

385 1068 490 1137 fausto
508 1069 600 1135 istius
619 1092 789 1152 sermone,
815 1068 942 1163 ingenti
967 1089 1089 1157 angore
1115 1084 1316 1156 oppressus,
1343 1061 1491 1132 titubavit

385 1210 416 1260 et
438 1193 582 1260 animum
607 1189 737 1260 defecit.

784 1839 933 1906 CAPUT
968 1837 1072 1905 XXII.

612 2055 614 2059 ·
697 2030 988 2120 nuntiata
1016 2050 1164 2117 suano.

339 2353 364 2393 1,
482 2307 604 2377 Audita
636 2308 699 2376 hac
724 2308 941 2377 Visvdmitrae
966 2308 1114 2375 oratione
1139 2330 1196 2373 rex
1221 2303 1393 2385 turbatus,
1420 2323 1482 2398 pet·

375 2434 581 2530 aliquantum
608 2434 769 2527 temporis
801 2432 896 2526 quasi
928 2434 977 2499 sui
1011 2455 1079 2497 non
1112 2452 1272 2523 compos,
1305 2446 1482 2524 postqum

336 2588 362 2630 2.
375 2582 509 2625 sensum
539 2574 814 2650 recuperaverat,
845 2556 890 2623 ita
916 2552 1020 2621 satur:
1059 2549 1217 2620 Nondum
1241 2551 1360 2642 plenos
1385 2546 1482 2618 seda-

375 2681 441 2746 cim
459 2702 563 2746 annos
585 2696 680 2745 natus
702 2696 752 2745 cst
770 2678 885 2744 Rimas
911 2678 1007 2746 hicce
1031 2700 1142 2757 meus,
1167 2673 1227 2743 loti
1251 2674 1350 2742 flores
1376 2670 1481 2744 oeulis

373 2800 522 2867 reserens
537 2798 710 2887 3‘nullam
733 2801 769 2865 in
794 2822 834 2867 co
859 2797 957 2868 video
982 2798 1170 2867 facultatem
1202 2794 1374 2891 pugnandi
1405 2817 1480 2865 cuan

331 2936 360 2998 5,
373 2922 568 3016 gigantibus.
600 2922 735 2989 Praesto
760 2940 827 3003 cst,
854 2946 951 3005 cccc,
978 2924 1140 2991 exercitus
1165 2921 1311 2988 numeris
1336 2920 1403 2988 suis
1420 2919 1480 2987 ab·

373 3043 515 3125 solutus,
541 3044 633 3111 cuius
656 3066 717 3136 ego
743 3067 816 3109 sum
842 3043 909 3111 dux
935 3064 968 3112 ct
991 3048 1188 3138 imperator,
1214 3066 1282 3136 quo
1303 3043 1478 3109 comitante

328 3166 542 3262 4.proscct11s
566 3168 640 3260 ipse
666 3184 779 3232 contra
800 3166 997 3262 Noctivagos
1017 3170 1097 3235 istos
1122 3165 1287 3260 pugnabo.
1321 3161 1392 3232 En!
1417 3162 1478 3230 ad·

370 3309 447 3356 sunt
470 3290 552 3357 mihi
576 3288 749 3373 satellites,
774 3294 836 3357 viri
859 3318 958 3359 manu
985 3292 1086 3360 sortes
1110 3292 1276 3383 armisque
1297 3289 1477 3370 exercitati,

369 3410 481 3479 idonei
503 3411 545 3477 ad
571 3412 788 3506 pugnandum
805 3439 881 3483 cum
900 3418 1068 3510 gigantum
1087 3414 1240 3482 catervis:
1266 3410 1400 3478 dimum
1417 3411 1477 3478 ab·

326 3533 587 3604 educerem
613 3556 646 3604 te
671 3555 811 3630 oportet.
862 3537 940 3629 lpse
964 3559 1049 3629 ego,
1082 3559 1197 3601 arcum
1218 3557 1318 3600 mauu
1341 3550 1477 3615 tenens,

367 3677 597 3750 propugnator
620 3661 656 3723 in
680 3660 789 3750 prima
814 3660 908 3738 acie,
945 3656 1103 3751 quamdiu
1135 3658 1270 3752 spiritus
1300 3673 1476 3751 suppetet,

323 3782 353 3842 6.
367 3778 491 3845 tamdiu
517 3804 592 3846 cum
614 3779 801 3871 Noetivagis
821 3778 1021 3872 proeliabor.
1058 3778 1198 3847 Sacrum
1218 3797 1312 3847 tuum
1329 3777 1477 3846 votivum

367 3899 408 3964 ab
434 3901 681 3992 impedimentis
712 3897 861 3991 undique
894 3917 1000 3966 tutum
1035 3899 1229 3968 exsolvetur.
1286 3900 1357 3993 Ego
1391 3896 1474 3966 illuc

324 4060 353 4121 7,
366 4019 575 4111 proficiscar:
598 4020 734 4089 Romam
754 4018 923 4087 abducere
945 4044 1013 4088 non
1032 4040 1064 4089 te
1082 4041 1222 4117 oportet.
1256 4021 1368 4091 lufaus
1386 4047 1473 4117 puer

364 4144 392 4210 is
417 4159 451 4209 et
481 4142 684 4235 experientia
715 4140 914 4224 destitutus,
947 4168 1016 4211 nou
1047 4144 1202 4241 iutelligit
1233 4144 1314 4238 quid
1343 4144 1474 4214 valeant

364 4268 467 4348 vires,
493 4263 577 4360 quid
597 4287 682 4347 nou,
703 4291 814 4361 neque
835 4269 1020 4361 gigantibus
1042 4295 1104 4364 par
1119 4290 1184 4338 est:
1210 4272 1379 4338 enimvero
1396 4294 1472 4339 ver·

319 4393 349 4456 8.
364 4390 425 4455 suti
452 4407 528 4456 sunt
549 4389 585 4454 in
603 4387 738 4481 procliis
763 4392 920 4483 gigantes.
955 4390 1130 4459 Seiunctus
1156 4393 1291 4460 aRdma
1316 4392 1468 4487 profecto

363 4535 405 4578 ne
434 4514 592 4607 temporis
624 4531 829 4580 momentum
860 4513 998 4608 quidem
1027 4518 1125 4583 vitam
1156 4514 1298 4584 tolerare
1332 4535 1467 4610 potero,

317 4661 346 4723 9.
362 4656 488 4699 summe
521 4629 631 4699 vates!
665 4634 800 4700 Rimam
831 4630 998 4703 abducere
1029 4660 1096 4704 non
1129 4658 1160 4704 tc
1192 4659 1331 4732 oportet·
1383 4635 1469 4710 Mihi

362 4758 432 4822 sani
457 4758 521 4821 iam
544 4755 655 4822 novics
677 4754 888 4827 milicanuos
908 4776 984 4825 nato
1009 4759 1059 4824 vix
1078 4757 1211 4828 tandem
1228 4760 1262 4827 bi
1282 4758 1342 4827 titii
1361 4764 1467 4830 omni·
