3609 5817
532 726 757 817 Mrourno
788 751 828 813 ru
858 746 1006 812 sumu
1036 745 1253 811 turturum.
1360 728 1444 812 999

344 947 404 1013 tibi
431 972 507 1024 rer,
529 946 650 1024 Raima,
685 969 748 1011 nee
771 941 838 1008 ulta
863 940 1069 1034 perturbatio
1096 965 1171 1007 eum
1199 942 1304 1008 efficit.
1354 943 1445 1011 Attu-

342 1094 423 1135 men
448 1070 548 1136 habet
573 1066 701 1161 aliquid
727 1070 760 1133 in
787 1067 913 1149 unim03
938 1064 1000 1130 sed
1026 1085 1056 1132 to
1082 1085 1231 1134 metuens
1250 1090 1317 1133 uon
1334 1063 1445 1160 loqui·

342 1213 404 1260 tur·
454 1193 510 1261 Ad
543 1190 762 1260 nuntiandum
793 1190 852 1256 tibi
881 1187 1004 1257 dilecto
1037 1216 1111 1257 rem
1144 1192 1304 1285 iugrutam
1325 1214 1387 1257 vox
1412 1192 1505 1261 einr.

339 1342 408 1385 nou
429 1318 591 1410 suppetit:
629 1340 731 1408 quere
753 1314 942 1382 necessario
968 1331 1002 1380 te
1028 1312 1139 1381 fucere
1171 1331 1324 1407 oportet,
1351 1313 1444 1409 quod

341 1469 384 1508 ex
410 1467 449 1510 eo
471 1446 542 1537 ipsa
568 1441 689 1508 audiri.
740 1440 837 1507 Hune
864 1439 971 1504 virum
993 1440 1140 1506 muueris
1166 1437 1245 1506 olim
1266 1437 1368 1505 oblati
1382 1437 1443 1505 ho·
1456 1462 1505 1507 m.

340 1568 500 1660 norisque
531 1566 612 1633 mihi
645 1565 750 1631 habiti
783 1586 874 1629 nune
904 1585 1037 1627 rursum
1061 1564 1228 1654 poenitet,
1254 1585 1444 1656 quanquam

339 1689 382 1758 sit
404 1714 479 1771 rex,
501 1691 596 1782 quusi
621 1687 708 1755 soret
731 1686 832 1753 homo
859 1683 1002 1777 quilibet
1028 1709 1070 1753 ex
1094 1685 1206 1753 infima
1221 1683 1338 1777 plebe.
1387 1684 1504 1756 uitat.

337 1812 494 1878 nimirum
518 1814 637 1880 civium
658 1829 792 1894 rector,
822 1832 942 1875 munus
964 1809 1061 1875 nimis
1085 1806 1174 1903 large
1207 1831 1402 1876 concentum
1425 1836 1444 1875 a

337 1961 373 2001 se
394 1938 506 2029 posci:
541 1953 574 2002 ot
607 1934 727 2002 srustru
760 1935 854 2027 aquis
883 1932 949 1999 ium
971 1931 1108 2028 dilapsio
1139 1951 1278 2027 pontem
1305 1934 1444 2027 iungere

336 2079 486 2129 conatur.
541 2058 680 2140 Fidem,
711 2058 809 2125 officii
845 2056 990 2138 sontem,
1031 2054 1167 2150 qualem
1202 2055 1284 2123 boni
1324 2065 1502 2148 omuetuf.

336 2203 542 2273 agnoscunt,
567 2183 653 2251 hune
683 2181 825 2251 eundem
849 2208 918 2251 nou
953 2182 1114 2250 deserere
1145 2179 1248 2250 debet
1279 2206 1363 2268 rex,
1389 2178 1442 2249 rel

336 2307 451 2386 imtus,
483 2331 526 2372 ne
560 2309 595 2374 iu
621 2308 668 2373 tui
702 2308 838 2399 gratiam
871 2304 1021 2401 quidem.
1072 2304 1175 2390 Quod
1206 2306 1233 2371 si
1265 2330 1327 2373 rex
1351 2304 1503 2378 istudni.

334 2429 487 2509 edixerit,
512 2455 570 2495 seu
595 2430 736 2498 faustum
759 2434 803 2500 eit
826 2431 894 2497 sive
921 2429 1109 2510 infaustum,
1135 2447 1214 2498 tune
1235 2447 1269 2496 tu
1282 2428 1317 2496 id
1339 2452 1440 2495 omne

334 2555 504 2645 persicies3
529 2580 590 2648 ego
608 2580 689 2623 vero
712 2554 835 2623 deinde
861 2554 1013 2621 reserum.
1061 2556 1171 2637 Quum
1186 2554 1328 2630 scivero,
1352 2553 1501 2646 regit26.

332 2679 505 2745 decretum
531 2680 621 2774 opud
647 2699 679 2747 te
703 2704 772 2748 uon
796 2681 830 2746 in
856 2680 986 2746 irritum
1003 2702 1076 2745 eme
1098 2702 1260 2756 casurum,
1283 2693 1360 2766 tune
1378 2700 1440 2770 ego

332 2829 515 2896 erponam3
549 2806 621 2897 ipse
657 2805 746 2871 enim
779 2819 812 2869 te
839 2828 952 2871 eorum
978 2827 1046 2871 uon
1070 2802 1172 2873 dicet.
1221 2801 1344 2870 Talem
1368 2827 1499 2890 rer-27.

332 2953 508 2992 mouenra
543 2926 712 2995 Cnecet'de
749 2928 1006 3020 pronunciatum
1036 2928 1283 3020 quamprimum
1321 2924 1439 2994 nudie·

329 3069 381 3115 rut
411 3052 543 3131 Rimas,
575 3052 723 3117 turbatus
756 3052 907 3140 reginam
940 3051 974 3115 in
1006 3052 1094 3141 regis
1130 3052 1320 3140 praesentio
1345 3052 1437 3117 hisce

331 3178 461 3243 affatur:
501 3177 589 3242 Proh
622 3171 759 3240 malum!
796 3174 873 3240 Non
898 3189 932 3238 to
954 3171 1070 3251 decet,
1103 3170 1260 3254 domim,
1286 3170 1341 3237 uli
1366 3174 1500 3239 ter-28.

329 3325 429 3367 moue
451 3325 505 3366 me
529 3297 741 3392 compellare.
790 3294 957 3390 Equidem
981 3313 1075 3363 certe
1100 3296 1188 3362 iuxta
1205 3296 1293 3388 regio
1310 3294 1436 3361 dictum

329 3425 381 3491 rel
410 3429 442 3490 iu
469 3427 581 3517 iguem
606 3450 660 3489 me
685 3423 903 3503 coniicerem3
931 3418 1130 3513 deglutirem
1155 3419 1352 3486 acerrimum
1377 3436 1498 3500 ver-29.

331 3574 463 3627 nouum,
490 3545 648 3643 peiogove
673 3570 864 3640 mergerer,
898 3546 926 3612 si
949 3544 1054 3611 iussus
1080 3543 1187 3611 sorem
1212 3570 1230 3608 a
1256 3538 1435 3617 venerabili

329 3674 484 3764 magistro
512 3673 702 3767 eodemque
729 3689 835 3765 putre,
862 3694 899 3735 uc
920 3668 1157 3760 praesertimo
1182 3690 1271 3760 rege.
1323 3665 1495 3747 Quereio.

328 3796 506 3889 eloquere,
544 3795 695 3872 dominu,
726 3793 896 3888 quodnam
930 3807 1078 3883 optutum
1100 3787 1160 3856 iiie
1183 3789 1216 3854 iu
1242 3789 1349 3856 animo
1376 3787 1436 3854 he-

326 3920 410 3983 beat
462 3918 629 3985 Polliceor
656 3945 708 3984 uro
731 3916 766 3983 id
783 3916 1012 4009 perfecturum
1040 3939 1127 3980 esse:
1151 3914 1265 3980 Rimas
1291 3937 1358 3980 non
1381 3913 1433 3978 bis

327 4047 418 4111 idern
442 4050 601 4112 affirmare
627 4043 720 4111 solet
771 4041 895 4109 Coutrn
922 4041 1010 4107 hune
1038 4039 1119 4104 recti
1149 4037 1352 4121 studiosum,
1376 4042 1492 4107 ve-it.

326 4168 478 4243 ridieuur,
506 4169 657 4260 impr-obn
684 4168 825 4233 caccus
853 4164 985 4231 effetum
1010 4161 1251 4228 atrocissimum
1277 4155 1430 4251 protulit:

323 4291 415 4356 (uim
451 4292 483 4357 in
519 4288 609 4358 bollo
644 4293 794 4356 Deorum
826 4289 1071 4380 Titanumque,
1108 4281 1301 4377 Reglruide‚
1333 4284 1492 4376 paterio.

324 4431 408 4487 tuus,
435 4410 514 4477 duur
542 4438 603 4504 pro
626 4410 688 4478 diis
710 4427 843 4503 pugnat,
870 4409 945 4477 telis
971 4408 1153 4486 confossus,
1178 4432 1253 4474 meu
1277 4430 1342 4497 ope
1369 4430 1431 4497 pe·

326 4532 431 4597 riruio
457 4556 601 4628 ereptus,
627 4536 707 4602 mihi
731 4536 808 4599 bino
827 4558 965 4600 muuoru
991 4533 1172 4613 concessit3
1198 4552 1341 4622 quorum
1367 4553 1429 4596 no·
1440 4533 1491 4598 55.

323 4655 414 4720 uriue
442 4682 529 4722 nunc
562 4685 578 4723 u
608 4685 660 4723 ure
687 4660 836 4750 poscitur
862 4679 918 4720 rex
947 4655 1103 4720 Biturutae
1132 4652 1428 4735 consecrationem,

322 4800 496 4875 tuumque,
526 4780 717 4875 Raglruide,
751 4779 995 4873 prosectionem
1027 4780 1098 4845 sine
1130 4801 1223 4845 mon
1255 4777 1289 4843 in
1314 4774 1428 4845 oileum
