<?xml version="1.0" encoding="UTF-8"?>
<!DOCTYPE html PUBLIC "-//W3C//DTD XHTML 1.0 Transitional//EN"
    "http://www.w3.org/TR/xhtml1/DTD/xhtml1-transitional.dtd">
<html xmlns="http://www.w3.org/1999/xhtml" xml:lang="en" lang="en">
 <head>
  <title>
</title>
<meta http-equiv="Content-Type" content="text/html;charset=utf-8" />
  <meta name='ocr-system' content='tesseract 3.04.00' />
  <meta name='ocr-capabilities' content='ocr_page ocr_carea ocr_par ocr_line ocrx_word'/>
</head>
<body>
  <div class='ocr_page' id='page_1' title='image "./ramayanaidestca00vlgoog_0123.png"; bbox 0 0 3609 5817; ppageno 0'>
   <div class='ocr_carea' id='block_1_1' title="bbox 555 756 1406 894">
    <p class='ocr_par' dir='ltr' id='par_1_1' title="bbox 555 756 1406 894">
     <span class='ocr_line' id='line_1_1' title="bbox 555 756 1406 894; baseline 0.004 -46"><span class='ocrx_word' id='word_1_1' title='bbox 555 756 912 894; x_wconf 74' lang='lat' dir='ltr'><strong>Basenusosrns</strong></span> <span class='ocrx_word' id='word_1_2' title='bbox 949 788 1137 852; x_wconf 74' lang='lat' dir='ltr'><strong>nursiae.</strong></span> <span class='ocrx_word' id='word_1_3' title='bbox 1327 772 1406 851; x_wconf 79' lang='grc'><strong>109</strong></span> 
     </span>
    </p>
   </div>
   <div class='ocr_carea' id='block_1_2' title="bbox 294 982 1478 2558">
    <p class='ocr_par' dir='ltr' id='par_1_2' title="bbox 294 982 1478 2558">
     <span class='ocr_line' id='line_1_2' title="bbox 297 982 1411 1077; baseline 0.004 -27"><span class='ocrx_word' id='word_1_4' title='bbox 297 984 564 1077; x_wconf 84' lang='lat' dir='ltr'><strong>potentissimmn</strong></span> <span class='ocrx_word' id='word_1_5' title='bbox 582 1006 724 1066; x_wconf 88' lang='lat' dir='ltr'><strong>numen,</strong></span> <span class='ocrx_word' id='word_1_6' title='bbox 749 982 798 1049; x_wconf 86' lang='lat' dir='ltr'><strong>ira</strong></span> <span class='ocrx_word' id='word_1_7' title='bbox 817 982 1004 1052; x_wconf 84' lang='lat' dir='ltr'><strong>vehementi</strong></span> <span class='ocrx_word' id='word_1_8' title='bbox 1023 983 1222 1062; x_wconf 82' lang='lat' dir='ltr'><strong>concitatus,</strong></span> <span class='ocrx_word' id='word_1_9' title='bbox 1245 989 1279 1052; x_wconf 89' lang='lat' dir='ltr'><strong>io</strong></span> <span class='ocrx_word' id='word_1_10' title='bbox 1301 988 1411 1055; x_wconf 81' lang='lat' dir='ltr'><strong>omnia</strong></span> 
     </span>
     <span class='ocr_line' id='line_1_3' title="bbox 297 1105 1411 1204; baseline 0.002 -30"><span class='ocrx_word' id='word_1_11' title='bbox 297 1106 483 1200; x_wconf 71' lang='lat' dir='ltr'>puellarum</span> <span class='ocrx_word' id='word_1_12' title='bbox 509 1107 659 1173; x_wconf 86' lang='lat' dir='ltr'><strong>membra</strong></span> <span class='ocrx_word' id='word_1_13' title='bbox 694 1105 826 1199; x_wconf 82' lang='lat' dir='ltr'><strong>penitus</strong></span> <span class='ocrx_word' id='word_1_14' title='bbox 863 1133 935 1173; x_wconf 85' lang='lat' dir='ltr'><strong>sese</strong></span> <span class='ocrx_word' id='word_1_15' title='bbox 970 1108 1163 1186; x_wconf 77' lang='lat' dir='ltr'><strong>insinuans,</strong></span> <span class='ocrx_word' id='word_1_16' title='bbox 1205 1133 1243 1175; x_wconf 91' lang='lat' dir='ltr'><strong>eo</strong></span> <span class='ocrx_word' id='word_1_17' title='bbox 1277 1108 1411 1204; x_wconf 74' lang='lat' dir='ltr'><strong>infregit</strong></span> 
     </span>
     <span class='ocr_line' id='line_1_4' title="bbox 294 1216 1472 1325; baseline 0.002 -28"><span class='ocrx_word' id='word_1_18' title='bbox 294 1235 397 1322; x_wconf 81' lang='lat' dir='ltr'><strong>spino</strong></span> <span class='ocrx_word' id='word_1_19' title='bbox 423 1229 521 1295; x_wconf 82' lang='lat' dir='ltr'><strong>dorsi</strong></span> <span class='ocrx_word' id='word_1_20' title='bbox 544 1227 691 1296; x_wconf 69' lang='lat' dir='ltr'><strong>detorta</strong></span> <span class='ocrx_word' id='word_1_21' title='bbox 725 1228 769 1296; x_wconf 79' lang='lat' dir='ltr'><strong>At</strong></span> <span class='ocrx_word' id='word_1_22' title='bbox 793 1228 927 1323; x_wconf 87' lang='lat' dir='ltr'><strong>puellae</strong></span> <span class='ocrx_word' id='word_1_23' title='bbox 947 1232 1042 1300; x_wconf 64' lang='lat' dir='ltr'><strong>Aeris</strong></span> <span class='ocrx_word' id='word_1_24' title='bbox 1069 1232 1100 1297; x_wconf 81' lang='lat' dir='ltr'><strong>ri</strong></span> <span class='ocrx_word' id='word_1_25' title='bbox 1125 1228 1282 1309; x_wconf 75' lang='lat' dir='ltr'><strong>infractae</strong></span> <span class='ocrx_word' id='word_1_26' title='bbox 1305 1232 1409 1325; x_wconf 88' lang='lat' dir='ltr'><strong>patris</strong></span> <span class='ocrx_word' id='word_1_27' title='bbox 1424 1216 1472 1281; x_wconf 78' lang='lat'><strong>²3·</strong></span> 
     </span>
     <span class='ocr_line' id='line_1_5' title="bbox 296 1350 1410 1447; baseline -0.004 -22"><span class='ocrx_word' id='word_1_28' title='bbox 296 1354 432 1425; x_wconf 86' lang='lat' dir='ltr'><strong>domum</strong></span> <span class='ocrx_word' id='word_1_29' title='bbox 453 1358 635 1435; x_wconf 77' lang='lat' dir='ltr'><strong>intravere,</strong></span> <span class='ocrx_word' id='word_1_30' title='bbox 661 1354 821 1447; x_wconf 80' lang='lat' dir='ltr'><strong>humique</strong></span> <span class='ocrx_word' id='word_1_31' title='bbox 843 1369 920 1419; x_wconf 85' lang='lat' dir='ltr'><strong>srmt</strong></span> <span class='ocrx_word' id='word_1_32' title='bbox 943 1350 1139 1443; x_wconf 86' lang='lat' dir='ltr'><strong>provolutae</strong></span> <span class='ocrx_word' id='word_1_33' title='bbox 1147 1404 1156 1435; x_wconf 88' lang='lat'><strong>,</strong></span> <span class='ocrx_word' id='word_1_34' title='bbox 1184 1354 1410 1435; x_wconf 76' lang='lat' dir='ltr'><strong>conturbatae,</strong></span> 
     </span>
     <span class='ocr_line' id='line_1_6' title="bbox 299 1459 1473 1571; baseline 0.003 -26"><span class='ocrx_word' id='word_1_35' title='bbox 299 1478 533 1571; x_wconf 89' lang='lat' dir='ltr'><strong>pudibundae,</strong></span> <span class='ocrx_word' id='word_1_36' title='bbox 559 1478 685 1547; x_wconf 86' lang='lat' dir='ltr'><strong>ocellos</strong></span> <span class='ocrx_word' id='word_1_37' title='bbox 709 1476 854 1546; x_wconf 78' lang='lat' dir='ltr'><strong>lacrimis</strong></span> <span class='ocrx_word' id='word_1_38' title='bbox 877 1474 1025 1545; x_wconf 74' lang='lat' dir='ltr'><strong>suffusae.</strong></span> <span class='ocrx_word' id='word_1_39' title='bbox 1061 1480 1152 1547; x_wconf 88' lang='lat' dir='ltr'><strong>Tum</strong></span> <span class='ocrx_word' id='word_1_40' title='bbox 1169 1501 1245 1562; x_wconf 77' lang='lat' dir='ltr'><strong>rex,</strong></span> <span class='ocrx_word' id='word_1_41' title='bbox 1271 1476 1410 1548; x_wconf 78' lang='lat' dir='ltr'><strong>dilectas</strong></span> <span class='ocrx_word' id='word_1_42' title='bbox 1425 1459 1473 1539; x_wconf 65' lang='lat' dir='ltr'><strong>&#39;i&#39;</strong></span> 
     </span>
     <span class='ocr_line' id='line_1_7' title="bbox 299 1599 1413 1698; baseline 0.004 -31"><span class='ocrx_word' id='word_1_43' title='bbox 299 1602 426 1696; x_wconf 86' lang='lat' dir='ltr'><strong>puellas</strong></span> <span class='ocrx_word' id='word_1_44' title='bbox 452 1606 609 1684; x_wconf 89' lang='lat' dir='ltr'><strong>miseras,</strong></span> <span class='ocrx_word' id='word_1_45' title='bbox 635 1599 736 1670; x_wconf 89' lang='lat' dir='ltr'><strong>modo</strong></span> <span class='ocrx_word' id='word_1_46' title='bbox 763 1604 1024 1682; x_wconf 82' lang='lat' dir='ltr'><strong>venustissimos,</strong></span> <span class='ocrx_word' id='word_1_47' title='bbox 1059 1626 1150 1669; x_wconf 90' lang='lat' dir='ltr'><strong>nunc</strong></span> <span class='ocrx_word' id='word_1_48' title='bbox 1176 1626 1320 1698; x_wconf 78' lang='lat' dir='ltr'><strong>corpore</strong></span> <span class='ocrx_word' id='word_1_49' title='bbox 1345 1599 1413 1671; x_wconf 83' lang='lat' dir='ltr'><strong>lra-</strong></span> 
     </span>
     <span class='ocr_line' id='line_1_8' title="bbox 301 1711 1476 1819; baseline 0.003 -27"><span class='ocrx_word' id='word_1_50' title='bbox 301 1744 368 1793; x_wconf 86' lang='lat' dir='ltr'><strong>etas</strong></span> <span class='ocrx_word' id='word_1_51' title='bbox 388 1728 536 1807; x_wconf 85' lang='lat' dir='ltr'><strong>intuens,</strong></span> <span class='ocrx_word' id='word_1_52' title='bbox 562 1729 634 1819; x_wconf 89' lang='lat' dir='ltr'><strong>ipse</strong></span> <span class='ocrx_word' id='word_1_53' title='bbox 658 1727 873 1793; x_wconf 86' lang='lat' dir='ltr'><strong>conturbatus</strong></span> <span class='ocrx_word' id='word_1_54' title='bbox 890 1749 930 1792; x_wconf 88' lang='lat' dir='ltr'><strong>cx</strong></span> <span class='ocrx_word' id='word_1_55' title='bbox 951 1725 990 1791; x_wconf 90' lang='lat' dir='ltr'><strong>iis</strong></span> <span class='ocrx_word' id='word_1_56' title='bbox 1011 1728 1187 1818; x_wconf 87' lang='lat' dir='ltr'><strong>quaesivit:</strong></span> <span class='ocrx_word' id='word_1_57' title='bbox 1215 1725 1305 1813; x_wconf 87' lang='lat' dir='ltr'><strong>Quid</strong></span> <span class='ocrx_word' id='word_1_58' title='bbox 1325 1725 1412 1795; x_wconf 81' lang='lat' dir='ltr'><strong>hoc?</strong></span> <span class='ocrx_word' id='word_1_59' title='bbox 1426 1711 1476 1779; x_wconf 76' lang='lat'><strong>²5·</strong></span> 
     </span>
     <span class='ocr_line' id='line_1_9' title="bbox 301 1842 1414 1945; baseline 0.008 -34"><span class='ocrx_word' id='word_1_60' title='bbox 301 1845 490 1925; x_wconf 74' lang='lat' dir='ltr'><strong>Narratotc,</strong></span> <span class='ocrx_word' id='word_1_61' title='bbox 518 1844 654 1914; x_wconf 82' lang='lat' dir='ltr'><strong>filiolae!</strong></span> <span class='ocrx_word' id='word_1_62' title='bbox 682 1848 764 1931; x_wconf 87' lang='lat' dir='ltr'><strong>Quis</strong></span> <span class='ocrx_word' id='word_1_63' title='bbox 788 1847 989 1940; x_wconf 80' lang='lat' dir='ltr'><strong>aequitatem</strong></span> <span class='ocrx_word' id='word_1_64' title='bbox 1007 1842 1090 1911; x_wconf 81' lang='lat' dir='ltr'><strong>adeo</strong></span> <span class='ocrx_word' id='word_1_65' title='bbox 1108 1848 1259 1940; x_wconf 79' lang='lat' dir='ltr'><strong>spernit?</strong></span> <span class='ocrx_word' id='word_1_66' title='bbox 1284 1851 1414 1945; x_wconf 81' lang='lat' dir='ltr'><strong>Aquo-</strong></span> 
     </span>
     <span class='ocr_line' id='line_1_10' title="bbox 300 1963 1475 2065; baseline -0.001 -30"><span class='ocrx_word' id='word_1_67' title='bbox 300 1993 375 2035; x_wconf 87' lang='lat' dir='ltr'><strong>oam</strong></span> <span class='ocrx_word' id='word_1_68' title='bbox 400 1992 457 2035; x_wconf 82' lang='lat' dir='ltr'><strong>ros</strong></span> <span class='ocrx_word' id='word_1_69' title='bbox 489 1968 647 2061; x_wconf 80' lang='lat' dir='ltr'><strong>gibberae</strong></span> <span class='ocrx_word' id='word_1_70' title='bbox 683 1964 760 2034; x_wconf 87' lang='lat' dir='ltr'><strong>estis</strong></span> <span class='ocrx_word' id='word_1_71' title='bbox 786 1966 944 2034; x_wconf 79' lang='lat' dir='ltr'><strong>effectae?</strong></span> <span class='ocrx_word' id='word_1_72' title='bbox 984 1967 1113 2034; x_wconf 85' lang='lat' dir='ltr'><strong>Pariter</strong></span> <span class='ocrx_word' id='word_1_73' title='bbox 1142 1966 1294 2038; x_wconf 82' lang='lat' dir='ltr'><strong>allectum</strong></span> <span class='ocrx_word' id='word_1_74' title='bbox 1321 1963 1475 2065; x_wconf 58' lang='lat' dir='ltr'><strong>gestus&amp;</strong></span> 
     </span>
     <span class='ocr_line' id='line_1_11' title="bbox 302 2088 1415 2187; baseline 0.006 -29"><span class='ocrx_word' id='word_1_75' title='bbox 302 2092 541 2186; x_wconf 81' lang='lat' dir='ltr'><strong>significantes,</strong></span> <span class='ocrx_word' id='word_1_76' title='bbox 569 2115 625 2159; x_wconf 83' lang='lat' dir='ltr'><strong>ros</strong></span> <span class='ocrx_word' id='word_1_77' title='bbox 651 2113 767 2158; x_wconf 85' lang='lat' dir='ltr'><strong>omnes</strong></span> <span class='ocrx_word' id='word_1_78' title='bbox 793 2090 904 2158; x_wconf 86' lang='lat' dir='ltr'><strong>siletis.</strong></span> <span class='ocrx_word' id='word_1_79' title='bbox 957 2088 1130 2159; x_wconf 84' lang='lat' dir='ltr'><strong>intellecta</strong></span> <span class='ocrx_word' id='word_1_80' title='bbox 1153 2092 1329 2187; x_wconf 85' lang='lat' dir='ltr'><strong>prudentis</strong></span> <span class='ocrx_word' id='word_1_81' title='bbox 1347 2094 1415 2165; x_wconf 91' lang='lat' dir='ltr'><strong>Cu·</strong></span> 
     </span>
     <span class='ocr_line' id='line_1_12' title="bbox 302 2215 1416 2313; baseline 0.004 -30"><span class='ocrx_word' id='word_1_82' title='bbox 302 2217 440 2284; x_wconf 72' lang='lat' dir='ltr'><strong>sandblri</strong></span> <span class='ocrx_word' id='word_1_83' title='bbox 467 2218 681 2310; x_wconf 87' lang='lat' dir='ltr'><strong>quaestione,</strong></span> <span class='ocrx_word' id='word_1_84' title='bbox 709 2215 873 2311; x_wconf 81' lang='lat' dir='ltr'><strong>capitibus</strong></span> <span class='ocrx_word' id='word_1_85' title='bbox 899 2215 1005 2310; x_wconf 90' lang='lat' dir='ltr'><strong>pedes</strong></span> <span class='ocrx_word' id='word_1_86' title='bbox 1031 2217 1101 2284; x_wconf 88' lang='lat' dir='ltr'><strong>eius</strong></span> <span class='ocrx_word' id='word_1_87' title='bbox 1127 2236 1309 2313; x_wconf 81' lang='lat' dir='ltr'><strong>tangentes,</strong></span> <span class='ocrx_word' id='word_1_88' title='bbox 1336 2241 1416 2287; x_wconf 86' lang='lat' dir='ltr'><strong>cen-</strong></span> 
     </span>
     <span class='ocr_line' id='line_1_13' title="bbox 302 2337 1478 2435; baseline -0.003 -28"><span class='ocrx_word' id='word_1_89' title='bbox 302 2359 372 2407; x_wconf 90' lang='lat' dir='ltr'><strong>tum</strong></span> <span class='ocrx_word' id='word_1_90' title='bbox 394 2342 474 2407; x_wconf 85' lang='lat' dir='ltr'><strong>istae</strong></span> <span class='ocrx_word' id='word_1_91' title='bbox 501 2338 633 2434; x_wconf 88' lang='lat' dir='ltr'><strong>puellae</strong></span> <span class='ocrx_word' id='word_1_92' title='bbox 659 2337 831 2406; x_wconf 83' lang='lat' dir='ltr'><strong>dixerunt:</strong></span> <span class='ocrx_word' id='word_1_93' title='bbox 858 2342 927 2406; x_wconf 67' lang='lat' dir='ltr'><strong>Aer</strong></span> <span class='ocrx_word' id='word_1_94' title='bbox 952 2339 1062 2409; x_wconf 90' lang='lat' dir='ltr'><strong>omnia</strong></span> <span class='ocrx_word' id='word_1_95' title='bbox 1080 2365 1275 2435; x_wconf 70' lang='lat' dir='ltr'><strong>periurans,</strong></span> <span class='ocrx_word' id='word_1_96' title='bbox 1302 2365 1323 2410; x_wconf 94' lang='lat' dir='ltr'><strong>o</strong></span> <span class='ocrx_word' id='word_1_97' title='bbox 1346 2360 1478 2425; x_wconf 63' lang='lat' dir='ltr'><strong>remp</strong></span> 
     </span>
     <span class='ocr_line' id='line_1_14' title="bbox 302 2460 1417 2558; baseline 0.002 -30"><span class='ocrx_word' id='word_1_98' title='bbox 302 2460 522 2530; x_wconf 87' lang='lat' dir='ltr'><strong>dehonestare</strong></span> <span class='ocrx_word' id='word_1_99' title='bbox 544 2485 605 2529; x_wconf 89' lang='lat' dir='ltr'><strong>uos</strong></span> <span class='ocrx_word' id='word_1_100' title='bbox 632 2478 789 2529; x_wconf 87' lang='lat' dir='ltr'><strong>conatur:</strong></span> <span class='ocrx_word' id='word_1_101' title='bbox 822 2485 958 2554; x_wconf 80' lang='lat' dir='ltr'><strong>prusam</strong></span> <span class='ocrx_word' id='word_1_102' title='bbox 981 2462 1067 2529; x_wconf 82' lang='lat' dir='ltr'><strong>riam</strong></span> <span class='ocrx_word' id='word_1_103' title='bbox 1091 2464 1276 2556; x_wconf 83' lang='lat' dir='ltr'><strong>ingressus,</strong></span> <span class='ocrx_word' id='word_1_104' title='bbox 1301 2462 1417 2558; x_wconf 86' lang='lat' dir='ltr'><strong>aequi·</strong></span> 
     </span>
    </p>
   </div>
   <div class='ocr_carea' id='block_1_3' title="bbox 216 2705 1582 4909">
    <p class='ocr_par' dir='ltr' id='par_1_3' title="bbox 216 2705 1582 4909">
     <span class='ocr_line' id='line_1_15' title="bbox 303 2705 1416 2802; baseline 0.001 -28"><span class='ocrx_word' id='word_1_105' title='bbox 303 2709 400 2778; x_wconf 87' lang='lat' dir='ltr'><strong>nobis</strong></span> <span class='ocrx_word' id='word_1_106' title='bbox 416 2710 578 2775; x_wconf 74' lang='lat' dir='ltr'><strong>universis</strong></span> <span class='ocrx_word' id='word_1_107' title='bbox 604 2733 801 2802; x_wconf 88' lang='lat' dir='ltr'><strong>responsum</strong></span> <span class='ocrx_word' id='word_1_108' title='bbox 824 2708 914 2778; x_wconf 90' lang='lat' dir='ltr'><strong>tulit:</strong></span> <span class='ocrx_word' id='word_1_109' title='bbox 939 2710 1101 2778; x_wconf 81' lang='lat' dir='ltr'><strong>Patrimac</strong></span> <span class='ocrx_word' id='word_1_110' title='bbox 1121 2731 1251 2793; x_wconf 65' lang='lat' dir='ltr'><strong>sumus,</strong></span> <span class='ocrx_word' id='word_1_111' title='bbox 1277 2726 1312 2776; x_wconf 91' lang='lat' dir='ltr'><strong>tu</strong></span> <span class='ocrx_word' id='word_1_112' title='bbox 1329 2705 1416 2777; x_wconf 79' lang='lat' dir='ltr'><strong>ralel</strong></span> 
     </span>
     <span class='ocr_line' id='line_1_16' title="bbox 303 2832 1480 2927; baseline 0.002 -29"><span class='ocrx_word' id='word_1_113' title='bbox 303 2832 371 2901; x_wconf 74' lang='lat' dir='ltr'><strong>lios</strong></span> <span class='ocrx_word' id='word_1_114' title='bbox 402 2856 471 2902; x_wconf 91' lang='lat' dir='ltr'><strong>non</strong></span> <span class='ocrx_word' id='word_1_115' title='bbox 505 2836 541 2902; x_wconf 89' lang='lat' dir='ltr'><strong>in</strong></span> <span class='ocrx_word' id='word_1_116' title='bbox 572 2852 684 2901; x_wconf 86' lang='lat' dir='ltr'><strong>nostra</strong></span> <span class='ocrx_word' id='word_1_117' title='bbox 716 2835 863 2927; x_wconf 86' lang='lat' dir='ltr'><strong>ipsarum</strong></span> <span class='ocrx_word' id='word_1_118' title='bbox 898 2851 1061 2927; x_wconf 85' lang='lat' dir='ltr'><strong>potestate</strong></span> <span class='ocrx_word' id='word_1_119' title='bbox 1095 2834 1286 2901; x_wconf 87' lang='lat' dir='ltr'><strong>constitutus</strong></span> <span class='ocrx_word' id='word_1_120' title='bbox 1322 2832 1480 2917; x_wconf 53' lang='lat' dir='ltr'><strong>solemn</strong></span> 
     </span>
     <span class='ocr_line' id='line_1_17' title="bbox 303 2955 1418 3052; baseline 0.004 -29"><span class='ocrx_word' id='word_1_121' title='bbox 303 2958 331 3023; x_wconf 76' lang='grc' dir='ltr'>Α</span> <span class='ocrx_word' id='word_1_122' title='bbox 360 2974 455 3049; x_wconf 87' lang='lat' dir='ltr'><strong>patro</strong></span> <span class='ocrx_word' id='word_1_123' title='bbox 478 2981 538 3025; x_wconf 91' lang='lat' dir='ltr'><strong>nos</strong></span> <span class='ocrx_word' id='word_1_124' title='bbox 564 2977 700 3052; x_wconf 85' lang='lat' dir='ltr'><strong>expete,</strong></span> <span class='ocrx_word' id='word_1_125' title='bbox 727 2984 769 3025; x_wconf 92' lang='lat' dir='ltr'><strong>an</strong></span> <span class='ocrx_word' id='word_1_126' title='bbox 795 2959 880 3025; x_wconf 90' lang='lat' dir='ltr'><strong>sorte</strong></span> <span class='ocrx_word' id='word_1_127' title='bbox 906 2976 996 3025; x_wconf 87' lang='lat' dir='ltr'><strong>natas</strong></span> <span class='ocrx_word' id='word_1_128' title='bbox 1022 2959 1083 3025; x_wconf 91' lang='lat' dir='ltr'><strong>tibi</strong></span> <span class='ocrx_word' id='word_1_129' title='bbox 1109 2976 1251 3052; x_wconf 90' lang='lat' dir='ltr'><strong>nuptum</strong></span> <span class='ocrx_word' id='word_1_130' title='bbox 1276 2955 1418 3028; x_wconf 81' lang='lat' dir='ltr'><strong>dederit.</strong></span> 
     </span>
     <span class='ocr_line' id='line_1_18' title="bbox 304 3080 1419 3178; baseline 0.001 -32"><span class='ocrx_word' id='word_1_131' title='bbox 304 3081 372 3147; x_wconf 73' lang='lat' dir='ltr'><strong>Nos</strong></span> <span class='ocrx_word' id='word_1_132' title='bbox 397 3105 466 3150; x_wconf 91' lang='lat' dir='ltr'><strong>non</strong></span> <span class='ocrx_word' id='word_1_133' title='bbox 492 3108 574 3178; x_wconf 78' lang='lat' dir='ltr'><strong>rago</strong></span> <span class='ocrx_word' id='word_1_134' title='bbox 600 3083 738 3152; x_wconf 86' lang='lat' dir='ltr'><strong>arbitrio</strong></span> <span class='ocrx_word' id='word_1_135' title='bbox 762 3085 923 3150; x_wconf 75' lang='lat' dir='ltr'><strong>vivimus:</strong></span> <span class='ocrx_word' id='word_1_136' title='bbox 961 3086 1134 3176; x_wconf 82' lang='lat' dir='ltr'><strong>ignoscere</strong></span> <span class='ocrx_word' id='word_1_137' title='bbox 1160 3080 1282 3160; x_wconf 85' lang='lat' dir='ltr'><strong>nobis,</strong></span> <span class='ocrx_word' id='word_1_138' title='bbox 1318 3081 1419 3165; x_wconf 84' lang='lat' dir='ltr'><strong>Dirc,</strong></span> 
     </span>
     <span class='ocr_line' id='line_1_19' title="bbox 307 3198 1482 3302; baseline 0.001 -33"><span class='ocrx_word' id='word_1_139' title='bbox 307 3204 395 3272; x_wconf 82' lang='lat' dir='ltr'><strong>reiis.</strong></span> <span class='ocrx_word' id='word_1_140' title='bbox 427 3205 487 3273; x_wconf 91' lang='lat' dir='ltr'><strong>llle</strong></span> <span class='ocrx_word' id='word_1_141' title='bbox 505 3207 547 3275; x_wconf 85' lang='lat' dir='ltr'><strong>sd</strong></span> <span class='ocrx_word' id='word_1_142' title='bbox 561 3207 653 3275; x_wconf 76' lang='lat' dir='ltr'><strong>nesus</strong></span> <span class='ocrx_word' id='word_1_143' title='bbox 670 3208 863 3275; x_wconf 82' lang='lat' dir='ltr'><strong>obfirmatus</strong></span> <span class='ocrx_word' id='word_1_144' title='bbox 889 3207 1017 3302; x_wconf 76' lang='lat' dir='ltr'><strong>respuit</strong></span> <span class='ocrx_word' id='word_1_145' title='bbox 1043 3204 1240 3271; x_wconf 79' lang='lat' dir='ltr'><strong>sententiam</strong></span> <span class='ocrx_word' id='word_1_146' title='bbox 1263 3222 1419 3287; x_wconf 75' lang='lat' dir='ltr'><strong>nocuum,</strong></span> <span class='ocrx_word' id='word_1_147' title='bbox 1433 3198 1482 3261; x_wconf 73' lang='lat'><strong>3⁰·</strong></span> 
     </span>
     <span class='ocr_line' id='line_1_20' title="bbox 307 3325 1421 3426; baseline -0.002 -31"><span class='ocrx_word' id='word_1_148' title='bbox 307 3328 454 3424; x_wconf 87' lang='lat' dir='ltr'><strong>dumque</strong></span> <span class='ocrx_word' id='word_1_149' title='bbox 487 3334 530 3399; x_wconf 89' lang='lat' dir='ltr'><strong>ita</strong></span> <span class='ocrx_word' id='word_1_150' title='bbox 562 3330 805 3426; x_wconf 83' lang='lat' dir='ltr'><strong>loquebamur,</strong></span> <span class='ocrx_word' id='word_1_151' title='bbox 843 3332 940 3398; x_wconf 78' lang='lat' dir='ltr'><strong>ll&#39;eris</strong></span> <span class='ocrx_word' id='word_1_152' title='bbox 972 3331 1001 3395; x_wconf 85' lang='lat' dir='ltr'><strong>ri</strong></span> <span class='ocrx_word' id='word_1_153' title='bbox 1036 3343 1175 3392; x_wconf 78' lang='lat' dir='ltr'><strong>erinetae</strong></span> <span class='ocrx_word' id='word_1_154' title='bbox 1207 3325 1421 3393; x_wconf 77' lang='lat' dir='ltr'><strong>vehementer</strong></span> 
     </span>
     <span class='ocr_line' id='line_1_21' title="bbox 309 3446 1485 3544; baseline 0.003 -30"><span class='ocrx_word' id='word_1_155' title='bbox 309 3452 480 3544; x_wconf 85' lang='lat' dir='ltr'><strong>perculsae</strong></span> <span class='ocrx_word' id='word_1_156' title='bbox 506 3454 636 3521; x_wconf 78' lang='lat' dir='ltr'><strong>suimus.</strong></span> <span class='ocrx_word' id='word_1_157' title='bbox 688 3455 834 3535; x_wconf 84' lang='lat' dir='ltr'><strong>Quarum</strong></span> <span class='ocrx_word' id='word_1_158' title='bbox 868 3474 1021 3517; x_wconf 85' lang='lat' dir='ltr'><strong>sermono</strong></span> <span class='ocrx_word' id='word_1_159' title='bbox 1053 3446 1165 3514; x_wconf 74' lang='lat' dir='ltr'><strong>erudito</strong></span> <span class='ocrx_word' id='word_1_160' title='bbox 1199 3470 1256 3513; x_wconf 82' lang='lat' dir='ltr'><strong>rex</strong></span> <span class='ocrx_word' id='word_1_161' title='bbox 1281 3446 1485 3517; x_wconf 72' lang='lat' dir='ltr'><strong>illustrisSt.</strong></span> 
     </span>
     <span class='ocr_line' id='line_1_22' title="bbox 310 3571 1421 3671; baseline -0.004 -29"><span class='ocrx_word' id='word_1_162' title='bbox 310 3579 542 3671; x_wconf 78' lang='lat' dir='ltr'><strong>piissimusque</strong></span> <span class='ocrx_word' id='word_1_163' title='bbox 570 3580 733 3671; x_wconf 73' lang='lat' dir='ltr'><strong>egregiam</strong></span> <span class='ocrx_word' id='word_1_164' title='bbox 761 3575 947 3669; x_wconf 81' lang='lat' dir='ltr'><strong>puellarum</strong></span> <span class='ocrx_word' id='word_1_165' title='bbox 974 3573 1155 3640; x_wconf 85' lang='lat' dir='ltr'><strong>centuriam</strong></span> <span class='ocrx_word' id='word_1_166' title='bbox 1182 3571 1272 3637; x_wconf 78' lang='lat' dir='ltr'><strong>brine</strong></span> <span class='ocrx_word' id='word_1_167' title='bbox 1295 3571 1330 3636; x_wconf 88' lang='lat' dir='ltr'><strong>in</strong></span> <span class='ocrx_word' id='word_1_168' title='bbox 1347 3594 1421 3638; x_wconf 90' lang='lat' dir='ltr'><strong>mo·</strong></span> 
     </span>
     <span class='ocr_line' id='line_1_23' title="bbox 308 3688 1483 3793; baseline -0.007 -28"><span class='ocrx_word' id='word_1_169' title='bbox 308 3695 389 3765; x_wconf 86' lang='lat' dir='ltr'><strong>dum</strong></span> <span class='ocrx_word' id='word_1_170' title='bbox 414 3697 544 3765; x_wconf 81' lang='lat' dir='ltr'><strong>affatur:</strong></span> <span class='ocrx_word' id='word_1_171' title='bbox 570 3701 729 3768; x_wconf 84' lang='lat' dir='ltr'><strong>Patientia</strong></span> <span class='ocrx_word' id='word_1_172' title='bbox 755 3714 979 3793; x_wconf 84' lang='lat' dir='ltr'><strong>temperantes</strong></span> <span class='ocrx_word' id='word_1_173' title='bbox 1001 3693 1115 3775; x_wconf 85' lang='lat' dir='ltr'><strong>dccet,</strong></span> <span class='ocrx_word' id='word_1_174' title='bbox 1138 3691 1239 3761; x_wconf 85' lang='lat' dir='ltr'><strong>filiae:</strong></span> <span class='ocrx_word' id='word_1_175' title='bbox 1266 3718 1421 3789; x_wconf 77' lang='lat' dir='ltr'><strong>magnum</strong></span> <span class='ocrx_word' id='word_1_176' title='bbox 1435 3688 1483 3758; x_wconf 73' lang='lat'><strong>3².</strong></span> 
     </span>
     <span class='ocr_line' id='line_1_24' title="bbox 309 3819 1420 3917; baseline -0.001 -29"><span class='ocrx_word' id='word_1_177' title='bbox 309 3821 451 3889; x_wconf 82' lang='lat' dir='ltr'><strong>officium</strong></span> <span class='ocrx_word' id='word_1_178' title='bbox 478 3850 496 3888; x_wconf 84' lang='lat' dir='ltr'><strong>a</strong></span> <span class='ocrx_word' id='word_1_179' title='bbox 522 3823 615 3891; x_wconf 82' lang='lat' dir='ltr'><strong>robis</strong></span> <span class='ocrx_word' id='word_1_180' title='bbox 643 3822 810 3917; x_wconf 82' lang='lat' dir='ltr'><strong>expletum</strong></span> <span class='ocrx_word' id='word_1_181' title='bbox 837 3841 909 3902; x_wconf 85' lang='lat' dir='ltr'><strong>est,</strong></span> <span class='ocrx_word' id='word_1_182' title='bbox 950 3819 1043 3915; x_wconf 90' lang='lat' dir='ltr'><strong>quod</strong></span> <span class='ocrx_word' id='word_1_183' title='bbox 1077 3819 1224 3885; x_wconf 87' lang='lat' dir='ltr'><strong>unanimi</strong></span> <span class='ocrx_word' id='word_1_184' title='bbox 1258 3842 1420 3887; x_wconf 84' lang='lat' dir='ltr'><strong>consensu</strong></span> 
     </span>
     <span class='ocr_line' id='line_1_25' title="bbox 310 3939 1484 4042; baseline 0 -32"><span class='ocrx_word' id='word_1_185' title='bbox 310 3944 515 4012; x_wconf 85' lang='lat' dir='ltr'><strong>nobilitatem</strong></span> <span class='ocrx_word' id='word_1_186' title='bbox 542 3974 648 4016; x_wconf 89' lang='lat' dir='ltr'><strong>meam</strong></span> <span class='ocrx_word' id='word_1_187' title='bbox 674 3950 875 4042; x_wconf 81' lang='lat' dir='ltr'><strong>respexistis.</strong></span> <span class='ocrx_word' id='word_1_188' title='bbox 921 3948 1078 4014; x_wconf 82' lang='lat' dir='ltr'><strong>l‘atieotia</strong></span> <span class='ocrx_word' id='word_1_189' title='bbox 1105 3968 1183 4013; x_wconf 85' lang='lat' dir='ltr'><strong>sane</strong></span> <span class='ocrx_word' id='word_1_190' title='bbox 1209 3962 1258 4011; x_wconf 87' lang='lat' dir='ltr'><strong>est</strong></span> <span class='ocrx_word' id='word_1_191' title='bbox 1284 3939 1484 4014; x_wconf 73' lang='lat' dir='ltr'><strong>lemine-33.</strong></span> 
     </span>
     <span class='ocr_line' id='line_1_26' title="bbox 311 4066 1423 4166; baseline -0.001 -30"><span class='ocrx_word' id='word_1_192' title='bbox 311 4091 383 4136; x_wconf 79' lang='lat' dir='ltr'><strong>rem</strong></span> <span class='ocrx_word' id='word_1_193' title='bbox 404 4089 559 4148; x_wconf 72' lang='lat' dir='ltr'><strong>onustus,</strong></span> <span class='ocrx_word' id='word_1_194' title='bbox 586 4073 700 4166; x_wconf 84' lang='lat' dir='ltr'><strong>utique</strong></span> <span class='ocrx_word' id='word_1_195' title='bbox 727 4074 759 4137; x_wconf 89' lang='lat' dir='ltr'><strong>iu</strong></span> <span class='ocrx_word' id='word_1_196' title='bbox 787 4073 932 4140; x_wconf 78' lang='lat' dir='ltr'><strong>virorum</strong></span> <span class='ocrx_word' id='word_1_197' title='bbox 959 4070 1088 4138; x_wconf 87' lang='lat' dir='ltr'><strong>iniuriis</strong></span> <span class='ocrx_word' id='word_1_198' title='bbox 1114 4067 1314 4152; x_wconf 78' lang='lat' dir='ltr'><strong>tolerandis3</strong></span> <span class='ocrx_word' id='word_1_199' title='bbox 1338 4066 1423 4136; x_wconf 82' lang='lat' dir='ltr'><strong>diffi-</strong></span> 
     </span>
     <span class='ocr_line' id='line_1_27' title="bbox 311 4189 1423 4289; baseline 0.004 -35"><span class='ocrx_word' id='word_1_200' title='bbox 311 4191 382 4258; x_wconf 83' lang='lat' dir='ltr'><strong>cilis</strong></span> <span class='ocrx_word' id='word_1_201' title='bbox 408 4212 518 4260; x_wconf 82' lang='lat' dir='ltr'><strong>autern</strong></span> <span class='ocrx_word' id='word_1_202' title='bbox 546 4214 596 4261; x_wconf 86' lang='lat' dir='ltr'><strong>est</strong></span> <span class='ocrx_word' id='word_1_203' title='bbox 620 4197 799 4288; x_wconf 82' lang='lat' dir='ltr'><strong>patientia.</strong></span> <span class='ocrx_word' id='word_1_204' title='bbox 833 4196 1013 4289; x_wconf 83' lang='lat' dir='ltr'><strong>praecipue</strong></span> <span class='ocrx_word' id='word_1_205' title='bbox 1041 4189 1176 4285; x_wconf 88' lang='lat' dir='ltr'><strong>qnando</strong></span> <span class='ocrx_word' id='word_1_206' title='bbox 1198 4216 1215 4257; x_wconf 81' lang='lat' dir='ltr'><strong>a</strong></span> <span class='ocrx_word' id='word_1_207' title='bbox 1237 4189 1423 4259; x_wconf 80' lang='lat' dir='ltr'><strong>Coclitibns</strong></span> 
     </span>
     <span class='ocr_line' id='line_1_28' title="bbox 312 4309 1582 4412; baseline -0.001 -29"><span class='ocrx_word' id='word_1_208' title='bbox 312 4316 447 4410; x_wconf 74' lang='lat' dir='ltr'><strong>indigna</strong></span> <span class='ocrx_word' id='word_1_209' title='bbox 481 4322 633 4412; x_wconf 86' lang='lat' dir='ltr'><strong>patimur.</strong></span> <span class='ocrx_word' id='word_1_210' title='bbox 684 4321 843 4387; x_wconf 81' lang='lat' dir='ltr'><strong>Patientia</strong></span> <span class='ocrx_word' id='word_1_211' title='bbox 868 4339 918 4387; x_wconf 90' lang='lat' dir='ltr'><strong>est</strong></span> <span class='ocrx_word' id='word_1_212' title='bbox 943 4317 1096 4409; x_wconf 79' lang='lat' dir='ltr'><strong>largitio,</strong></span> <span class='ocrx_word' id='word_1_213' title='bbox 1132 4318 1289 4412; x_wconf 86' lang='lat' dir='ltr'><strong>patientia</strong></span> <span class='ocrx_word' id='word_1_214' title='bbox 1319 4309 1484 4401; x_wconf 52' lang='lat' dir='ltr'><strong>deleuit.</strong></span> <span class='ocrx_word' id='word_1_215' title='bbox 1576 4321 1582 4328; x_wconf 84' lang='lat'>&#39;</span> 
     </span>
     <span class='ocr_line' id='line_1_29' title="bbox 216 4417 1424 4539; baseline 0 -31"><span class='ocrx_word' id='word_1_216' title='bbox 216 4417 228 4431; x_wconf 48' lang='lat'><em>⁶</em></span> <span class='ocrx_word' id='word_1_217' title='bbox 312 4442 470 4535; x_wconf 79' lang='lat' dir='ltr'><strong>patientia</strong></span> <span class='ocrx_word' id='word_1_218' title='bbox 496 4446 710 4528; x_wconf 81' lang='lat' dir='ltr'><strong>sacrificium,</strong></span> <span class='ocrx_word' id='word_1_219' title='bbox 735 4445 881 4535; x_wconf 75' lang='lat' dir='ltr'><strong>liliolae3</strong></span> <span class='ocrx_word' id='word_1_220' title='bbox 909 4446 1063 4539; x_wconf 83' lang='lat' dir='ltr'><strong>patientia</strong></span> <span class='ocrx_word' id='word_1_221' title='bbox 1085 4461 1137 4511; x_wconf 87' lang='lat' dir='ltr'><strong>est</strong></span> <span class='ocrx_word' id='word_1_222' title='bbox 1154 4442 1243 4523; x_wconf 84' lang='lat' dir='ltr'><strong>laus,</strong></span> <span class='ocrx_word' id='word_1_223' title='bbox 1266 4439 1424 4535; x_wconf 77' lang='lat' dir='ltr'><strong>patientia</strong></span> 
     </span>
     <span class='ocr_line' id='line_1_30' title="bbox 313 4560 1485 4661; baseline -0.002 -28"><span class='ocrx_word' id='word_1_224' title='bbox 313 4568 436 4657; x_wconf 77' lang='lat' dir='ltr'><strong>pietus3</strong></span> <span class='ocrx_word' id='word_1_225' title='bbox 462 4568 677 4661; x_wconf 84' lang='lat' dir='ltr'><strong>inpatientia</strong></span> <span class='ocrx_word' id='word_1_226' title='bbox 704 4572 801 4638; x_wconf 89' lang='lat' dir='ltr'><strong>situm</strong></span> <span class='ocrx_word' id='word_1_227' title='bbox 827 4589 876 4637; x_wconf 82' lang='lat' dir='ltr'><strong>est</strong></span> <span class='ocrx_word' id='word_1_228' title='bbox 899 4565 1017 4636; x_wconf 85' lang='lat' dir='ltr'><strong>mundi</strong></span> <span class='ocrx_word' id='word_1_229' title='bbox 1042 4564 1269 4634; x_wconf 83' lang='lat' dir='ltr'><strong>moderamen.</strong></span> <span class='ocrx_word' id='word_1_230' title='bbox 1314 4560 1423 4632; x_wconf 84' lang='lat' dir='ltr'><strong>llodie</strong></span> <span class='ocrx_word' id='word_1_231' title='bbox 1438 4583 1485 4647; x_wconf 74' lang='lat'><strong>35,</strong></span> 
     </span>
     <span class='ocr_line' id='line_1_31' title="bbox 314 4687 1464 4786; baseline 0.001 -32"><span class='ocrx_word' id='word_1_232' title='bbox 314 4709 444 4783; x_wconf 76' lang='lat' dir='ltr'><strong>tempus</strong></span> <span class='ocrx_word' id='word_1_233' title='bbox 476 4713 703 4785; x_wconf 89' lang='lat' dir='ltr'><strong>opportunum</strong></span> <span class='ocrx_word' id='word_1_234' title='bbox 737 4718 794 4763; x_wconf 77' lang='lat' dir='ltr'><strong>ros</strong></span> <span class='ocrx_word' id='word_1_235' title='bbox 824 4712 966 4786; x_wconf 88' lang='lat' dir='ltr'><strong>nuptum</strong></span> <span class='ocrx_word' id='word_1_236' title='bbox 998 4688 1101 4757; x_wconf 84' lang='lat' dir='ltr'><strong>dandi</strong></span> <span class='ocrx_word' id='word_1_237' title='bbox 1132 4687 1303 4758; x_wconf 77' lang='lat' dir='ltr'><strong>advenisse</strong></span> <span class='ocrx_word' id='word_1_238' title='bbox 1329 4688 1424 4782; x_wconf 85' lang='lat' dir='ltr'><strong>equi·</strong></span> <span class='ocrx_word' id='word_1_239' title='bbox 1453 4709 1464 4728; x_wconf 90' lang='lat'><strong>·</strong></span> 
     </span>
     <span class='ocr_line' id='line_1_32' title="bbox 314 4811 1424 4909; baseline -0.003 -29"><span class='ocrx_word' id='word_1_240' title='bbox 314 4812 390 4881; x_wconf 87' lang='lat' dir='ltr'><strong>dem</strong></span> <span class='ocrx_word' id='word_1_241' title='bbox 419 4817 555 4885; x_wconf 85' lang='lat' dir='ltr'><strong>omniuo</strong></span> <span class='ocrx_word' id='word_1_242' title='bbox 590 4842 719 4885; x_wconf 83' lang='lat' dir='ltr'><strong>censeo.</strong></span> <span class='ocrx_word' id='word_1_243' title='bbox 770 4817 818 4884; x_wconf 84' lang='lat' dir='ltr'><strong>lte</strong></span> <span class='ocrx_word' id='word_1_244' title='bbox 845 4841 921 4883; x_wconf 90' lang='lat' dir='ltr'><strong>eum</strong></span> <span class='ocrx_word' id='word_1_245' title='bbox 945 4815 1033 4883; x_wconf 84' lang='lat' dir='ltr'><strong>bona</strong></span> <span class='ocrx_word' id='word_1_246' title='bbox 1057 4838 1158 4909; x_wconf 82' lang='lat' dir='ltr'><strong>paee,</strong></span> <span class='ocrx_word' id='word_1_247' title='bbox 1184 4811 1289 4883; x_wconf 78' lang='lat' dir='ltr'><strong>filiae!</strong></span> <span class='ocrx_word' id='word_1_248' title='bbox 1326 4833 1424 4879; x_wconf 80' lang='lat' dir='ltr'><strong>ereo·</strong></span> 
     </span>
    </p>
   </div>
   <div class='ocr_carea' id='block_1_4' title="bbox 0 0 1837 5817">
    <p class='ocr_par' dir='ltr' id='par_1_4' title="bbox 0 0 1837 5817">
     <span class='ocr_line' id='line_1_33' title="bbox 0 0 1837 5817; baseline 0 0"><span class='ocrx_word' id='word_1_249' title='bbox 0 0 1837 5817; x_wconf 95' lang='lat' dir='ltr'><strong> </strong></span> 
     </span>
    </p>
   </div>
  </div>
 </body>
</html>
