3609 5817
463 753 487 834 a
834 744 924 832 na.
957 744 991 831 1.
1018 689 1129 833 'cn
1161 745 1193 833 1.

461 960 559 1053 piens
576 957 736 1027 coelicola
759 953 806 1045 3)!
828 954 921 1027 atlest
941 960 1076 1027 facultas
1097 958 1195 1026 talem
1213 961 1319 1025 virum
1336 959 1567 1052 cognoscendi.

422 1094 451 1156 8.
464 1082 629 1166 Neratius,
664 1102 836 1150 ternorum
866 1101 1055 1175 temporum
1079 1108 1199 1177 gnarus
1221 1073 1284 1164 l),
1325 1106 1477 1148 sermone
1510 1084 1570 1146 ista

462 1211 622 1282 thmtcis
646 1210 788 1292 audito,
826 1209 1030 1302 compellans
1062 1234 1139 1274 eum
1160 1209 1225 1273 hae
1252 1232 1358 1274 voce:
1397 1205 1571 1270 Ausculta!

419 1333 572 1410 &alacer
597 1332 721 1400 deinde
745 1332 857 1400 effatus
876 1351 940 1399 est:
961 1332 1108 1424 Magnae
1129 1348 1204 1397 sunt
1224 1349 1256 1395 et
1277 1329 1401 1394 arduae
1427 1332 1571 1407 virtutes,

462 1483 545 1551 quas
567 1475 601 1524 tu
626 1455 846 1550 praedicasti,
871 1482 891 1523 0
911 1452 1143 1522 Anacharetal
1169 1453 1347 1520 Meditatus
1373 1451 1570 1545 proloquar:

404 1590 449 1630 ¹0·
463 1579 636 1659 audiatur,
671 1578 730 1673 qui
754 1580 804 1645 vir
832 1578 924 1643 hisce
953 1580 994 1644 ait
1020 1575 1201 1670 praeditus.
1252 1576 1283 1643 Is
1310 1600 1327 1639 e
1355 1580 1457 1670 stilpe
1484 1579 1575 1642 lasal-

464 1706 523 1772 οὓς
545 1700 578 1790 5)
604 1707 733 1799 genitus
752 1705 874 1771 Raimae
892 1704 1028 1767 nomine
1045 1728 1108 1795 per
1129 1722 1242 1795 gentes
1261 1701 1463 1767 celebratur:
1490 1719 1568 1766 tcm-

462 1853 603 1921 perans,
640 1827 735 1895 sortis
743 1879 754 1909 ‚
786 1822 1005 1918 splendidus,
1042 1822 1207 1888 librorum
1231 1847 1402 1889 sacrorum
1428 1826 1574 1916 peritus,

401 1955 668 2046 snmorigerus,
693 1950 810 2019 sollers
819 2002 829 2032 ,
863 1948 1034 2043 prudens,
1068 1947 1250 2029 facundus,
1282 1947 1488 2030 fortunatus,
1513 1948 1573 2012 ha-

465 2080 564 2142 stium
585 2076 804 2157 intersect0r3
838 2073 911 2141 latis
936 2075 1104 2154 humeris,
1131 2072 1246 2139 validis
1273 2073 1420 2154 lacertis,
1446 2076 1575 2139 cervice

405 2225 452 2267 aa.
466 2200 501 2264 in
527 2200 675 2265 conchae
700 2200 849 2292 speciem
871 2199 977 2264 tribus
992 2196 1090 2263 lineis
1107 2216 1220 2264 notata
1241 2189 1293 2281 6)‚
1317 2198 1444 2291 magnis
1453 2196 1575 2263 ‚maxil-

504 2452 542 2523 3)
566 2446 910 2509 SanscriteDe‘vmslis.
934 2447 1030 2506 llisltis
1044 2457 1088 2507 est
1103 2446 1270 2527 appellatio
1287 2447 1436 2526 generalis
1454 2447 1574 2527 sapien-

587 2561 671 2626 tum,
697 2549 747 2609 cui
763 2547 847 2608 atiud
868 2546 1057 2608 vocabalum
1077 2568 1166 2626 saepe
1182 2547 1398 2625 praemittitur
1417 2547 1454 2606 ael
1471 2546 1574 2607 (liver-

586 2671 633 2709 sas
648 2648 765 2728 species
781 2644 1022 2728 distinguendas.
1045 2645 1169 2704 liabent
1189 2656 1220 2705 et
1241 2644 1306 2703 lndi
1318 2656 1436 2726 septem
1452 2647 1576 2725 sapien.

589 2758 635 2808 tes
655 2770 724 2809 snos
741 2747 978 2829 antiquissimos,
1001 2745 1112 2826 quilius
1132 2747 1237 2805 stellae
1256 2747 1356 2806 Ursae
1376 2747 1501 2805 maioris
1518 2757 1577 2805 tri.

586 2846 740 2910 buuntur.
773 2846 990 2906 Bralamarslsis
1008 2854 1054 2905 est
1070 2845 1188 2925 sapiens
1210 2844 1389 2928 theologus5
1410 2840 1578 2924 ltctjarsaa,

591 2966 643 3004 rex
661 2945 796 3025 sapieus;
818 2944 995 3020 Damalis,
1015 2946 1133 3025 sapiens
1151 2944 1283 3005 ‹leorum
1300 2944 1420 3005 sodalis.
1457 2945 1502 3004 Ex
1517 2946 1578 3006 lto.

590 3065 662 3104 rum
685 3064 818 3104 numero
846 3053 892 3105 est
917 3043 1075 3121 itandis,
1099 3045 1153 3126 qui
1175 3056 1277 3105 tamen
1304 3055 1421 3106 terram
1445 3044 1577 3107 invisere

588 3143 686 3218 solet,
706 3143 876 3202 multarum
891 3164 997 3203 rernm
1013 3144 1174 3224 particeps,
1198 3154 1230 3205 et
1246 3144 1423 3204 fabularum
1438 3144 1577 3205 diversa.

589 3234 661 3302 ruia
676 3254 768 3305 actor
781 3244 959 3325 primarius.
1007 3245 1054 3309 cf.
1073 3244 1258 3326 Episodium
1276 3243 1314 3305 ‹le
1325 3244 1428 3321 Naso,
1452 3244 1526 3329 (hp.
1540 3248 1576 3321 ll,

592 3340 630 3404 13
652 3365 665 3404 s
710 3389 721 3408 .

504 3453 542 3532 4)
556 3450 612 3532 Ὃς
631 3365 755 3543 p'tlipqui
775 3462 804 3522 τ’
823 3458 932 3538 ἐόντα,
951 3452 991 3521 ta'
1011 3460 1038 3521 τ’
1058 3454 1233 3538 ἐσσόμενα,
1256 3451 1318 3539 πρό
1340 3456 1366 3519 τ’
1383 3453 1484 3519 ἐόντα.

505 3587 541 3659 b)
565 3586 690 3646 lxvicus
706 3585 766 3646 fuit
777 3586 885 3646 Manes
899 3586 1113 3668 legumlatoris
1128 3585 1223 3660 filius,
1245 3583 1471 3666 antiquissimus
1483 3584 1577 3645 Cissa.

588 3686 691 3744 lorum
713 3706 766 3744 rex
786 3693 819 3744 et
840 3684 944 3765 regiae
974 3685 1079 3766 stirpis
1109 3694 1232 3751 auctor.
1273 3688 1322 3747 De
1342 3705 1404 3767 qno
1427 3687 1464 3745 et'.
1487 3686 1522 3750 L.
1547 3689 1576 3763 l,

588 3782 663 3866 Cap.
679 3784 785 3860 LXX,
807 3780 858 3846 90.
882 3781 932 3846 91.

507 3901 543 3977 ll)
566 3907 633 3965 Arai
649 3905 921 3990 playsiognomieae
939 3905 1028 3966 valde
1045 3905 1185 3966 addictos
1200 3906 1290 3966 suissc
1308 3917 1441 3990 apparet
1458 3919 1578 3970 veteres

592 4005 699 4083 lndos,
722 4006 764 4067 ita
783 4015 818 4065 ut
838 4028 902 4065 nan
923 4006 1024 4066 solam
1042 4028 1076 4066 ex
1100 4007 1243 4066 universo
1266 4009 1366 4068 vultus
1387 4018 1418 4069 et
1432 4012 1578 4089 eorporis

590 4104 695 4165 habitu
711 4105 741 4169 ln
753 4105 927 4167 hominihus
942 4115 972 4166 et
990 4106 1172 4166 animalibus
1192 4107 1326 4167 indolem
1340 4129 1505 4188 moresque
1521 4131 1578 4169 co-

591 4204 696 4283 gnosci
720 4227 808 4286 posse
830 4215 993 4288 putarent,
1020 4205 1073 4267 sed
1096 4207 1214 4266 minuta
1242 4229 1369 4289 quoque
1393 4208 1578 4270 lineamenta

591 4302 800 4370 attenderent.
822 4305 878 4365 cui
894 4305 1035 4387 opinioni
1050 4306 1155 4389 aliqua
1167 4316 1296 4366 naturae
1312 4305 1488 4367 observatio
1504 4309 1578 4367 snb.

591 4423 653 4461 esse
675 4412 814 4483 poterat;
837 4405 896 4464 alia
916 4404 955 4465 ad
974 4406 1224 4486 superstitionem
1241 4405 1456 4467 declinabant:
1480 4409 1578 4489 qualis

588 4510 634 4562 est
652 4513 727 4562 nota
746 4505 775 4562 in
793 4504 855 4563 laoe
876 4526 967 4565 versu
986 4515 1178 4581 memorata,
1202 4528 1235 4565 ex
1253 4504 1375 4566 illarum
1393 4527 1521 4584 genere,
1546 4506 1577 4568 in

590 4601 702 4683 quibus
719 4601 926 4664 cliiromantia
948 4613 1099 4669 versatur.
1122 4605 1165 4663 Cl
1184 4603 1247 4669 Aa.
1260 4604 1317 4667 Co.
1337 4624 1369 4684 p.
1386 4602 1454 4663 159.
1471 4603 1578 4664 etco.

588 4721 672 4766 asan.
690 4712 796 4763 annot.
840 4702 1024 4765 Tralsebant
1039 4725 1167 4786 quoque
1182 4703 1222 4765 ad
1239 4704 1300 4763 sata
1316 4700 1477 4763 hominum
1497 4704 1577 4766 eius.

590 4800 676 4861 modi
703 4805 798 4884 signa.
844 4802 890 4861 ct.
921 4803 1002 4862 infra
1026 4804 1070 4864 Sl.
1090 4801 1138 4870 13.
1181 4804 1216 4866 ln
1237 4802 1386 4888 Episodio
1413 4801 1452 4864 de
1471 4805 1578 4886 lisso,
