3609 5817
590 716 876 809 Dtstntnnn
906 737 1176 806 tntnnmno.
1338 719 1418 804 98¹

328 939 402 1001 non
444 956 558 1000 omnen
588 931 745 1001 mulieres
787 932 866 1001 tales
902 934 998 1014 dico,
1030 932 1093 1000 aed
1121 934 1234 1027 ntique
1267 929 1425 998 lilani-atae

326 1074 475 1123 matrem.
525 1056 676 1123 Onoxia
709 1053 887 1123 meditans!
915 1054 1000 1122 lueri
1026 1052 1135 1122 avida!
1161 1051 1322 1123 crudelis!
1371 1052 1424 1120 Ad
1437 1070 1487 1134 92·

325 1179 562 1273 poenitentiam
600 1202 706 1245 meam
741 1195 774 1245 te
814 1177 847 1242 in
884 1174 1020 1244 domum
1062 1174 1197 1243 deduxi
1260 1175 1427 1261 Quidnam

325 1302 481 1368 iniurium
515 1301 642 1381 centia,
677 1318 837 1393 quantum
877 1303 912 1367 in
954 1325 1009 1368 me
1059 1318 1131 1380 eet,
1169 1314 1225 1366 eut
1257 1298 1292 1363 in
1327 1298 1427 1365 Rima

326 1423 434 1501 etiam,
453 1421 597 1514 benigne
622 1423 681 1490 tibi
708 1422 940 1517 obsequente?
990 1423 1121 1491 Poasint
1146 1420 1202 1492 vel
1227 1440 1340 1516 patres
1364 1417 1488 1503 ‹le-98·

327 1563 578 1627 serenantes,
605 1544 657 1612 vel
685 1546 923 1614 amantissimae
951 1569 1070 1614 uxores
1106 1567 1243 1639 quoque
1277 1545 1429 1627 maritoa3

324 1684 359 1734 at
391 1667 562 1734 univeraua
595 1666 737 1735 mundus
768 1668 995 1761 indignatione
1030 1685 1213 1736 commotus
1240 1667 1328 1735 soret
1359 1669 1428 1734 viso

326 1790 424 1856 Rima
452 1788 689 1858 calamitatibus
725 1815 845 1858 merae.
908 1790 979 1885 Ego
1014 1814 1093 1859 vero
1127 1788 1309 1857 formosum
1343 1787 1491 1869 divi-99·

324 1937 386 1979 atae
410 1913 535 1981 subolis
567 1917 669 1982 itntne
696 1933 809 1982 natum
831 1913 934 2009 regali
968 1912 1084 1982 ornatu
1116 1912 1239 1981 adme
1264 1910 1430 1982 aeceden-

325 2054 392 2102 tem
417 2033 606 2129 adspiciens
633 2060 695 2104 ceu
718 2036 857 2130 effigiem
887 2038 923 2104 in
945 2035 1094 2130 speculo,
1120 2036 1224 2130 gestio
1251 2059 1290 2104 ae
1314 2032 1429 2102 denuo

324 2158 573 2252 quodammodo
596 2162 785 2230 iuueneaco.
847 2161 928 2231 Sine
955 2160 1034 2229 Sole
1057 2160 1194 2229 sortaaae
1218 2161 1321 2228 uictos
1345 2156 1431 2227 tole-
1445 2183 1509 2231 too.

323 2284 388 2373 rapi
414 2285 529 2374 possit,
553 2282 605 2351 vel
620 2284 718 2350 etiaan
742 2280 888 2351 fulminis
914 2283 1097 2352 laculatoee
1124 2283 1247 2350 imbreo
1272 2298 1430 2377 negante:

323 2422 356 2470 at
370 2407 501 2472 Rttanam
527 2407 605 2477 hinc
619 2410 814 2501 migrantem
839 2410 1049 2502 conspicatus
1073 2408 1162 2476 vivet
1180 2405 1281 2501 plane
1312 2428 1431 2489 nem03

325 2527 409 2596 lnce
437 2548 488 2596 est
511 2532 673 2599 sententia
699 2555 780 2599 mea.
829 2532 882 2599 Te
917 2532 1018 2599 exitio
1043 2552 1119 2598 meo
1142 2528 1340 2609 inhiantem,
1364 2529 1430 2595 ini·
1445 2550 1511 2598 tot.

324 2654 463 2732 micam,
509 2653 676 2733 infestam,
722 2655 840 2748 excepi
874 2652 1029 2747 amplexu
1072 2678 1134 2724 eeu
1172 2671 1316 2721 mortem
1356 2652 1429 2745 ipae

325 2797 441 2842 meam.
498 2776 603 2842 Nimis
628 2774 703 2858 diu,
727 2773 810 2844 beu!
841 2777 916 2845 sinu
941 2793 973 2842 te
998 2776 1081 2858 lovi,
1105 2774 1222 2872 aspida
1245 2775 1431 2844 venenatio-

325 2899 457 2981 simam,
482 2922 561 2992 ergo
577 2897 744 2968 dementia
767 2925 822 2969 me
849 2899 1010 2995 perdidit.
1061 2900 1244 2995 timeque,
1263 2899 1430 2993 Rimaque
1446 2916 1512 2963 toa.

325 3047 402 3089 eum
434 3026 555 3089 comite
589 3047 647 3091 ano
674 3027 839 3093 Laxmano
872 3023 1024 3092 desertua
1047 3025 1203 3092 Bharataa
1233 3023 1298 3090 iana
1322 3018 1431 3089 domi-

328 3160 434 3220 netur,
460 3164 569 3210 tecnm
595 3146 810 3212 consociatus.
861 3143 1142 3237 Quandoquidem
1163 3144 1350 3237 orbemque
1374 3167 1432 3211 ae·

326 3289 495 3358 metimque
524 3285 749 3361 cognatosque
775 3291 909 3361 peaaum
941 3265 1079 3348 dediad,
1103 3290 1194 3336 nune
1220 3266 1432 3334 Moerum

325 3414 476 3454 nieorum
507 3388 631 3455 blando
663 3389 810 3483 alloquio
845 3389 963 3457 fautrix
995 3405 1076 3459 etto.
1137 3389 1169 3456 0
1202 3385 1429 3456 crudelissime
1445 3390 1510 3456 103.

325 3513 485 3593 animata,
512 3514 682 3581 unbarum
706 3513 938 3583 machinatrix!
970 3510 1071 3607 quale
1095 3511 1152 3581 bie
1175 3509 1276 3580 modo
1302 3511 1429 3581 dictum

325 3633 489 3698 otmnmc
516 3634 634 3717 eiluein,
660 3636 763 3704 miror
788 3659 865 3702 aane
890 3659 951 3703 cur
982 3659 1050 3702 non
1077 3659 1118 3703 ex
1143 3659 1202 3704 ore
1227 3654 1283 3703 tuo
1310 3632 1428 3704 dentes
1488 3689 1493 3702 .

323 3753 444 3820 millies
470 3754 610 3822 dilleneti
636 3756 727 3823 humi
753 3754 921 3823 decidant.
972 3754 1109 3825 Nullum
1133 3781 1279 3849 unquam
1300 3781 1427 3824 aermo·
1443 3755 1508 3839 toi.

325 3902 401 3944 nean
444 3878 641 3946 malea-olum
680 3897 735 3946 aut
769 3880 932 3970 ingratum
977 3876 1136 3973 protulit,
1179 3880 1280 3948 immo
1322 3879 1427 3949 neacit

322 4006 458 4069 omnino
484 4005 598 4070 Rimas
624 4004 770 4073 conuicia
791 4006 966 4095 ingerere:
991 4001 1161 4097 quomodo
1187 4001 1323 4071 tandem
1347 4003 1428 4072 lauic

323 4128 512 4192 auauisnime
538 4127 698 4220 loquenti,
723 4147 864 4221 propter
880 4130 1018 4196 virtutct
1034 4152 1167 4222 temper
1182 4127 1334 4223 probato,
1359 4127 1427 4196 cti·

322 4247 409 4312 mina
437 4249 643 4339 caprnlnaa?
692 4249 756 4318 Vel
782 4247 937 4343 despera,
956 4249 1009 4319 vel
1036 4251 1118 4332 fure,
1136 4250 1186 4318 vel
1205 4252 1289 4345 peri,
1312 4249 1367 4318 ael
1389 4252 1424 4318 in
1440 4257 1507 4324 to5.

323 4369 477 4436 tellurem
512 4370 602 4439 anille
637 4373 779 4441 hiatibus
809 4371 977 4469 diruptam
1008 4372 1122 4442 desili:
1164 4399 1231 4443 non
1262 4399 1426 4470 exeeqtaar

322 4490 447 4556 dictann
484 4512 574 4558 tuum
602 4497 856 4576 atrocissimum,
898 4496 979 4562 mihi
1011 4495 1183 4572 infeatnm,
1216 4521 1237 4566 ο
1270 4496 1425 4566 viliaaitna

323 4618 409 4702 regia
436 4616 622 4681 (it-ecorum
658 4616 849 4708 progenies!
905 4618 975 4696 'l'e,
1010 4616 1189 4686 novaculae
1224 4621 1305 4685 acici
1332 4621 1507 4688 ainai-tofi.

321 4734 405 4814 lein,
434 4736 562 4828 perfide
597 4764 733 4834 acuapcr
767 4736 1040 4837 blandiloquatu,
1068 4766 1169 4838 prata
1189 4759 1423 4838 appetentem,
