3609 5817
354 690 407 773 id
717 685 804 773 Lrn.
833 685 866 774 l.
903 683 1003 775 Cae.
1034 689 1089 777 V.

791 1128 940 1196 CAPUT
983 1133 1019 1195 Υ.

568 1320 697 1411 Unns
729 1324 970 1413 Aroonran
997 1346 1247 1424 orsenirno.

823 1559 992 1575 Ἣ

583 1744 849 1815 PROOEMIUM
877 1746 1223 1816 RHAPSODORUM.

320 1973 346 2023 ,ς
458 1941 607 2027 Quorum
633 1966 748 2036 regum
768 1945 888 2010 virtute
910 1962 997 2010 terra
1022 1965 1146 2010 oceano
1173 1945 1279 2009 cineta
1299 1964 1459 2037 occupata

359 2066 480 2150 fertur,
510 2067 653 2134 amand
677 2065 757 2133 inde
783 2086 971 2135 sanctorum
997 2092 1137 2161 opernm
1162 2069 1246 2133 sama
1267 2065 1460 2149 illustrium,

317 2221 344 2262 α.
359 2190 538 2255 immensae
562 2189 754 2271 maiestatis3
780 2212 922 2280 quorum
947 2188 1076 2280 priscus
1102 2206 1210 2254 atavus
1235 2186 1461 2283 suitSagarus,

361 2313 453 2379 euius
468 2335 533 2405 ope
552 2334 694 2378 oceanus
712 2329 761 2377 est
777 2309 928 2390 effossus,
951 2336 1050 2403 quem
1069 2309 1279 2377 incedentem
1295 2313 1461 2404 sexaginta

317 2446 345 2505 3.
360 2419 505 2503 liliorum
528 2432 632 2500 millia
657 2434 912 2501 comitabantur:
945 2459 984 2500 ex
1009 2436 1129 2502 borum
1154 2458 1269 2528 regum
1292 2436 1462 2526 magnani-

360 2582 491 2625 morum
515 2554 768 2624 lxvdcnl'darum
792 2558 948 2648 prosapia
978 2556 1105 2650 prodiit
1134 2558 1249 2651 ingens
1273 2556 1339 2623 hoe
1363 2580 1461 2649 epos,

317 2685 346 2764 4.
361 2676 600 2767 lldnrdyanum
630 2674 766 2742 dietum.
816 2675 855 2742 ld
880 2678 991 2769 ipsum
1020 2700 1081 2744 nos
1106 2679 1203 2744 ambo
1234 2680 1463 2760 recitabimus,

361 2803 548 2893 integrum,
582 2777 773 2866 continuum
800 2800 843 2865 ab
868 2800 985 2882 initio,
1016 2823 1092 2866 cum
1117 2802 1279 2883 honesto,
1312 2799 1402 2868 dulci
1430 2822 1463 2870 et

361 2921 434 2992 utili
459 2924 687 3004 coniunctum,
712 2919 850 3015 dignum
864 2924 958 3017 quod
978 2924 1129 2992 audiatur
1144 2949 1162 2989 a
1179 2923 1462 2993 benevolentibus.

793 3180 1050 3196 m

320 3516 348 3576 5.
459 3508 566 3574 Terra
591 3505 699 3599 ampla
711 3556 721 3587 ‚
748 3505 903 3587 laetifica,
940 3529 1120 3600 prospera,
1154 3504 1350 3573 Cbsalorum
1374 3512 1463 3600 genti

362 3634 584 3727 cognominis,
610 3631 739 3698 adiacet
756 3628 897 3723 Sarayds
922 3630 1067 3696 fluminis
1092 3630 1202 3722 ripae,
1227 3653 1367 3722 pecore,
1393 3630 1462 3697 sru-

321 3755 491 3838 fimento,
517 3756 638 3852 opibus
663 3753 844 3820 abundans.
895 3754 946 3818 lbi
971 3754 1032 3820 sita
1055 3772 1106 3822 est
1125 3754 1222 3837 urbs,
1261 3750 1350 3819 dicta
1374 3754 1466 3845 ayo-

363 3874 468 3969 dhya,
491 3901 554 3967 per
578 3877 694 3943 orbem
720 3894 883 3941 terrarum
910 3873 1091 3957 celebrata,
1116 3876 1243 3969 abipso
1261 3876 1380 3956 Manu,
1407 3900 1464 3967 ge-

324 4022 351 4084 7.
363 3999 452 4063 neris
477 3998 610 4064 humani
638 4001 763 4091 capite,
790 3995 870 4063 olim
893 3995 1035 4064 condita.
1084 3998 1204 4092 Magna
1227 3998 1309 4062 haee
1329 3997 1410 4086 urbs
1433 4015 1465 4063 et

363 4118 521 4213 opulenta
544 4147 607 4214 per
632 4120 811 4188 duodecim
835 4146 1030 4216 parasangas
1055 4124 1091 4189 iu
1114 4116 1373 4217 longitudinem,
1403 4144 1466 4212 per

365 4261 431 4311 tres
456 4243 492 4308 in
516 4238 722 4310 latitudinem
741 4264 873 4312 extensa
891 4264 956 4331 est,
980 4248 1077 4315 variis
1101 4247 1258 4314 aedificiis
1274 4240 1468 4335 splendens,

323 4368 354 4431 8.
366 4368 470 4460 portis
489 4384 522 4434 et
536 4365 654 4459 plateis
672 4393 735 4462 per
751 4367 924 4437 commoda
941 4369 1111 4438 intervalla
1126 4367 1325 4448 distributis,
1353 4363 1467 4457 splen-

366 4485 449 4555 dens
475 4488 526 4555 via
548 4488 656 4581 regia,
681 4513 766 4582 quae
791 4489 935 4584 pulveris
951 4490 1089 4558 sedandi
1106 4493 1206 4586 gratia
1225 4516 1310 4583 aqua
1329 4488 1467 4581 adsper-

324 4610 469 4705 llgitur5
494 4610 649 4678 domibus
674 4615 854 4693 continuis,
880 4610 973 4680 nullo
998 4614 1103 4705 spatio
1129 4614 1303 4706 separatis,
1334 4615 1370 4680 in
1396 4612 1470 4681 solo

368 4731 573 4825 complanato
597 4752 775 4813 exstructa,
801 4737 904 4829 portis
931 4737 1069 4802 arcuatis
1095 4753 1128 4802 et
1152 4735 1358 4831 propylaeie,
1385 4755 1468 4802 tem-
