3609 5817
451 713 532 794 tot
774 708 865 796 Lus.
894 707 931 796 Ι.
960 703 1065 796 Cat.
1088 703 1222 796 ΗΠ.

444 941 556 1012 neque
574 937 707 987 centum
730 919 879 989 millibus
899 946 1084 1005 vaccarum,
1108 947 1172 990 nec
1187 919 1240 991 sel
1260 919 1382 987 millies
1398 919 1548 988 centeno

442 1041 590 1112 millibus
606 1062 837 1113 commutatam
854 1044 942 1115 dabo
957 1047 1159 1117 maculosam
1171 1047 1284 1128 istam,
1299 1065 1418 1136 neque,
1431 1042 1551 1134 iugen-

390 1190 436 1232 ια.
446 1164 533 1231 tibus
548 1169 676 1259 argenti
692 1171 827 1241 acervis.
852 1167 951 1237 Haud
963 1195 1040 1238 sane
1052 1171 1175 1237 meruit
1192 1191 1241 1250 es,
1257 1183 1294 1233 ut
1307 1190 1327 1230 a
1338 1188 1392 1231 ma
1406 1187 1548 1257 meaque

446 1286 545 1381 culpa
587 1287 777 1371 deseratur,
817 1291 965 1360 hostium
995 1287 1158 1362 domitor!
1199 1287 1341 1384 Semper
1372 1284 1441 1352 fid·
1465 1285 1548 1354 milti

446 1435 558 1478 comcs
592 1429 641 1478 cst
676 1411 759 1478 haec
789 1438 888 1480 vacca
900 1464 911 1495 ,
945 1416 1042 1481 sicuti
1072 1415 1162 1481 bona
1195 1410 1282 1479 fama
1302 1412 1373 1478 viro
1395 1409 1550 1504 sapienti.

391 1533 486 1605 sala
511 1558 548 1600 ea
570 1536 721 1602 nituntur
744 1534 855 1601 neum
877 1535 1094 1629 Maniumque
1115 1533 1316 1627 religiones,
1337 1532 1443 1625 ipsius
1464 1531 1549 1608 ‚vius

446 1659 657 1739 sustentatio,
690 1659 818 1750 ignium
845 1681 1015 1725 sacrorum
1040 1682 1136 1741 cura,
1170 1657 1285 1725 libatio
1310 1679 1396 1748 quae
1421 1652 1550 1722 cunctis

445 1780 665 1846 animantibus
697 1781 864 1874 spargitur
870 1785 892 1862 ,'
916 1780 1049 1873 pinguis
1076 1803 1210 1873 quoque
1232 1776 1338 1846 laticis
1363 1776 1465 1845 sacris
1491 1772 1550 1842 dc-

389 1900 553 1989 assumti
578 1901 695 1995 copia,
731 1925 830 1968 voces
867 1900 956 1968 bene
979 1903 1166 1996 auspicatae
1195 1902 1232 1966 iu
1264 1896 1393 1968 litando
1417 1920 1549 1966 nuncu·

442 2018 592 2113 pendae,
624 2022 733 2088 variae
765 2019 912 2115 denique
942 2040 1043 2088 artes:
1071 2021 1155 2087 haec
1186 2021 1340 2088 universa
1370 2023 1408 2087 iu
1431 2017 1551 2088 eaden

387 2149 433 2212 15.
443 2142 523 2222 niti,
549 2165 609 2207 rex
630 2139 911 2234 prudentissime,
945 2140 1099 2210 dubitare
1123 2140 1203 2210 noli.
1252 2140 1315 2209 Illa
1339 2161 1449 2212 estre
1472 2164 1550 2208 vera

443 2285 548 2355 opum
571 2288 721 2332 mearum
745 2289 890 2352 summa3
911 2264 969 2333 illa
986 2263 1104 2332 eadem
1127 2266 1210 2333 mihi
1234 2267 1270 2333 in
1294 2262 1424 2332 deliciis
1448 2263 1552 2334 habs-

444 2401 512 2452 tur:
537 2384 650 2453 multis
683 2386 726 2454 de
749 2390 890 2471 camsie,
921 2409 1027 2456 orer
1040 2437 1052 2470 ,
1074 2411 1146 2456 uon
1176 2385 1306 2456 tradam
1329 2387 1392 2455 tibi
1416 2411 1552 2456 vacem

387 2508 539 2577 ¹6.istam
569 2510 781 2580 maculosam.
846 2513 954 2596 Quam
987 2534 1091 2606 quum
1124 2510 1294 2605 repulsam
1324 2534 1344 2577 ι
1374 2508 1552 2578 vastabit·

443 2629 572 2699 tulisset
601 2634 833 2716 Visvimitras,
863 2632 1109 2701 sermocinandi
1142 2658 1280 2729 gnarus,
1315 2630 1421 2702 multo
1450 2631 1553 2701 velte·

385 2757 586 2842 amentius
619 2780 808 2825 sermonem
838 2774 1054 2851 prosecutus,
1088 2758 1185 2825 Dabo
1211 2757 1296 2838 tibi,
1330 2755 1457 2848 iuquit,
1482 2751 1552 2822 ele·

442 2879 585 2972 phantos
611 2877 776 2961 dentatos,
800 2882 908 2946 aureis
930 2875 1069 2972 cin'gulia
1092 2879 1335 2972 torquibusque
1358 2876 1551 2960 instructos,

390 2994 396 3002 ’
443 3026 543 3070 aureo
582 3003 724 3071 vectoris
756 3025 846 3071 unco
881 3020 1038 3084 ornatos,
1071 3000 1115 3068 ad
1149 2998 1403 3095 quatuordecim
1424 2998 1550 3086 millis3

386 3124 532 3193 18.dabo
566 3125 628 3194 tibi
659 3127 867 3222 octingentos
914 3149 1030 3194 currus
1070 3147 1152 3196 auro
1191 3125 1355 3216 insignes,
1397 3121 1551 3192 mattis

385 3251 538 3342 ¹90equis
562 3251 710 3333 iunctos,
743 3248 975 3343 quadriiugos,
1002 3245 1233 3316 tinunuabulis
1268 3262 1423 3331 ornatos3
1447 3265 1552 3340 aquo·

442 3393 519 3437 rum
545 3374 652 3467 patria
686 3389 720 3441 et
752 3374 857 3468 stirpe
896 3369 1082 3453 nobilium,
1114 3371 1372 3453 animosorum,'
1391 3367 1551 3437 undecim

383 3491 548 3559 cumillis
572 3492 661 3563 delto
686 3495 768 3577 tibi,
794 3496 845 3562 vir
875 3512 1004 3576 sancte,
1035 3516 1140 3587 porro
1166 3515 1281 3559 vaccas
1305 3493 1403 3561 variis
1428 3489 1552 3560 colori·

441 3615 506 3684 ltus
528 3615 710 3700 distinctas,
730 3620 896 3702 iuvencas,
921 3617 1010 3686 dubo
1034 3620 1096 3686 tibi
1108 3614 1153 3684 ad
1175 3619 1454 3685 ccuticscentcua
1475 3611 1552 3680 mil·

383 3735 504 3820 nulia,
529 3736 711 3809 dummodo
735 3740 818 3808 mihi
842 3736 941 3808 detur
954 3739 1123 3809 maculosa
1145 3743 1218 3813 iau.
1267 3741 1436 3827 Quantum
1458 3761 1551 3832 gen·

442 3883 572 3929 marum
603 3865 715 3931 surim
744 3879 781 3929 tu
815 3866 1030 3957 poposceris,
1062 3864 1306 3931 Brachmauum
1334 3861 1479 3955 optime,
1513 3857 1551 3928 id

383 3993 543 4049 2²·omne
564 3982 626 4050 tibi
648 3981 753 4066 dabo,
780 3980 963 4053 dummodo
987 3984 1071 4052 mihi
1093 3982 1191 4053 detur
1214 3983 1384 4053 maculosa
1405 3985 1479 4052 ista.
1502 3981 1552 4052 tu

444 4102 663 4199 compelletus
687 4107 739 4173 vir
767 4104 977 4175 venerandus
1007 4134 1027 4174 a
1058 4107 1186 4177 sollerti
1205 4109 1424 4193 Visvsimitra,
1448 4105 1551 4178 Nullo

385 4225 564 4309 simodo,
589 4228 716 4323 iuquit,
738 4251 759 4298 o
779 4226 858 4297 rex!
897 4253 971 4297 eam
996 4227 1094 4299 dabo.
1143 4230 1236 4299 llaec
1261 4229 1381 4301 eadem
1404 4248 1457 4300 est
1477 4253 1552 4298 mea

443 4374 591 4442 gemma,
613 4350 676 4417 hae
701 4366 778 4419 suut
800 4373 895 4418 meae
920 4348 1069 4437 (livium
1106 4353 1189 4419 hacc
1214 4371 1264 4421 est
1288 4375 1393 4448 opum
1413 4373 1552 4434 summn,

387 4463 480 4543 ²i·ia
499 4472 563 4540 hac
577 4474 685 4567 posita
704 4493 753 4543 est
766 4476 831 4544 vita
845 4499 929 4543 mea.
953 4476 1026 4544 Hac
1045 4475 1174 4559 eadem,
1198 4501 1219 4544 o
1234 4473 1313 4544 rex!
1340 4477 1552 4544 continentur

445 4590 615 4662 interlunii
631 4619 670 4663 ac
687 4593 866 4688 plenilunii
877 4595 1039 4682 solennis,
1052 4616 1087 4667 et
1101 4623 1194 4667 sacra
1209 4622 1286 4666 eum
1310 4595 1433 4667 debitis
1449 4596 1551 4692 largi·

387 4719 438 4783 25.
447 4713 591 4781 tionibus
617 4719 803 4802 coniuncta,
827 4722 1003 4818 vanaeque
1028 4723 1269 4795 caeremoniae.
1293 4720 1343 4788 Er
1358 4719 1425 4788 hoc
1447 4717 1549 4801 uate,
