3609 5817
392 751 472 837 ttt
697 750 788 838 Lm.
819 748 854 839 1.
890 747 992 843 Cor.
1023 751 1162 846 XLV.

333 909 534 1059 menopes
561 965 710 1034 Fuerunt
733 965 814 1035 olim
839 972 873 1035 in
898 971 1007 1062 prims
1028 970 1221 1063 etperleeta
1245 968 1361 1037 mundi
1383 988 1489 1041 aetate

386 1086 508 1156 Ditidis
536 1086 598 1155 lilii
627 1089 827 1182 praevalidi,
856 1091 958 1160 ultera
992 1116 1033 1160 ex
1066 1111 1161 1187 purte
1193 1090 1357 1176 Aditidis,
1388 1119 1488 1189 prte-

331 1208 484 1293 rbcluri,
506 1209 628 1293 sortes,
652 1213 712 1305 pii.
761 1211 864 1279 Erunt
886 1214 1020 1308 utrique
1030 1214 1171 1307 Cesynpi
1196 1214 1397 1307 magnanimi
1407 1239 1491 1309 pro-

384 1335 516 1428 genies,
537 1334 656 1402 fratres
679 1314 822 1418 eemuli,
847 1360 888 1404 ex
914 1335 1042 1404 duabus
1067 1335 1238 1404 sororibus
1264 1355 1365 1431 partu
1389 1336 1489 1423 editi,

329 1480 466 1550 17.prue
488 1459 669 1527 ambitione
703 1458 798 1527 alteri
824 1459 947 1528 alteros
976 1462 1109 1527 vincere
1132 1461 1313 1552 cupientes.
1362 1460 1407 1529 Hi
1428 1460 1490 1530 uli-

384 1578 521 1673 quundo
552 1573 721 1675 congressi
728 1634 754 1673 ‚n
771 1601 808 1651 ut
836 1583 957 1664 fertur,
982 1582 1107 1649 viribus
1136 1580 1213 1649 {reti
1236 1583 1324 1649 inter
1347 1606 1384 1650 se
1409 1607 1490 1652 eon·

384 1702 522 1786 sultare,
547 1703 717 1799 quomodo
742 1705 826 1771 senii
846 1704 1009 1770 immunes
1030 1700 1299 1797 immortalesque
1312 1703 1386 1771 lieri
1409 1727 1490 1799 pos-

328 1823 466 1893 reeens
518 1830 590 1912 Qus
616 1826 660 1895 de
685 1851 723 1895 re
745 1825 969 1894 deliberantes
994 1824 1144 1919 prudens
1166 1825 1343 1894 consilium
1367 1851 1490 1921 cepere

383 1972 546 2018 oceanum
581 1948 724 2019 lacteum
748 1947 914 2043 agitandi,
943 1968 1114 2042 sperantes
1139 1949 1211 2018 lore
1238 1968 1277 2017 nt
1299 1947 1381 2017 inde
1414 1950 1491 2019 luti-

328 2074 457 2140 'ocem
488 2091 677 2167 soporatum
709 2074 989 2140 nanciscerentur.
1053 2073 1197 2140 Decreto
1229 2074 1329 2166 igitur
1360 2096 1489 2168 opere,

382 2214 539 2292 serpente
569 2197 699 2263 Vdsuce
738 2198 788 2262 nsi
820 2218 885 2288 pro
923 2193 1002 2261 fune
1034 2192 1151 2287 iuguli,
1185 2214 1298 2264 moute
1321 2194 1489 2266 Mendnro

380 2346 445 2415 pro
469 2318 576 2404 rude,
609 2320 771 2389 immenso
804 2322 918 2416 vigore
949 2315 1093 2412 praediti
1124 2341 1286 2386 oceanum
1312 2319 1486 2413 ngittrom.

322 2457 370 2499 ²⁰·
379 2446 459 2513 Post
482 2421 575 2512 mille
604 2466 709 2512 anuos
738 2443 922 2540 serpentis,
952 2466 1053 2537 quem
1085 2443 1152 2510 huc
1177 2460 1211 2511 et
1241 2439 1324 2511 illue
1348 2461 1488 2539 torque-

379 2567 478 2648 baut,
507 2568 633 2660 eapite,
663 2592 828 2635 venenum
857 2567 1058 2637 acerrimum
1092 2567 1294 2649 evomentis,
1327 2562 1486 2636 dentibus

321 2710 458 2753 essexe
483 2684 705 2758 momordere.
761 2689 883 2782 Erupit
906 2686 998 2769 inde,
1022 2689 1107 2781 ignis
1132 2691 1247 2771 instar,
1270 2690 1360 2758 virus
1383 2691 1488 2785 pesti·

380 2806 506 2888 ferum,
531 2831 599 2901 quo
624 2809 782 2878 urebatur
803 2811 896 2879 orbis
929 2811 1117 2893 universus,
1142 2810 1304 2896 deorum,
1327 2813 1488 2882 Titanum

322 2954 370 2995 αα.
381 2932 620 3023 hominumque
644 2929 752 3000 sedes.
786 2935 885 3001 Tunc
910 2931 958 2999 dii
983 2931 1096 2999 auxilii
1120 2935 1239 3028 inopes
1260 2934 1305 3003 sd
1328 2961 1488 3034 maguum
1569 3025 1572 3034 Ι

380 3056 517 3126 Suueeri
541 3084 666 3127 numen
691 3082 763 3127 sese
795 3073 1050 3140 converterunt,
1082 3056 1319 3153 pecudumque
1344 3058 1486 3129 ultorem

377 3181 605 3251 Rudrumhsc
620 3206 720 3251 voce:
744 3180 812 3247 Fer
832 3201 934 3273 opem
948 3176 1063 3246 nobis!
1079 3179 1131 3247 fer
1152 3178 1270 3275 opem!
1293 3180 1484 3252 sdorsrunt

319 3299 369 3363 25·
378 3307 430 3374 lbi
456 3331 568 3376 corum
592 3300 847 3399 adspiciendum
864 3324 937 3369 sese
952 3302 1117 3386 exhibuit,
1143 3305 1321 3390 concham,
1353 3305 1486 3375 discum

378 3428 570 3523 clavamque
594 3447 741 3521 gestans,
771 3425 920 3494 Vishnus
952 3449 1028 3491 eum
1059 3423 1128 3492 leni
1154 3428 1224 3494 risu
1251 3427 1405 3498 Rudrum
1425 3432 1484 3500 tri-

317 3543 581 3626 abdennserum
597 3551 724 3618 affatus:
745 3548 795 3616 Ex
807 3572 933 3617 oceano
953 3573 973 3615 e
997 3545 1082 3616 diris
1099 3551 1218 3643 agitato
1231 3550 1398 3646 quicquid
1412 3556 1485 3648 pri·

377 3700 469 3743 mum
492 3676 683 3756 emerserit,
699 3672 736 3740 id
754 3690 846 3738 tuum
861 3673 997 3740 omnino
1011 3690 1092 3755 esto,
1111 3673 1277 3743 Coclitum
1302 3679 1482 3773 princeps,

316 3799 544 3895 250siquidem
576 3818 612 3869 tu
645 3800 766 3866 luorum
801 3814 880 3863 nutu
908 3821 942 3862 es
967 3799 1136 3865 munimus.
1186 3799 1250 3867 Hic
1273 3800 1406 3869 adstans
1428 3826 1482 3870 oo·

377 3926 471 4018 cipe,
500 3924 652 4006 domine,
673 3940 830 4015 tunquam
855 3920 1018 4013 primitius
1042 3922 1147 3989 hocce
1173 3946 1346 3990 venenum.
1384 3922 1481 3992 Tulin

375 4052 505 4121 loeutus
532 4049 614 4118 deus
645 4046 942 4144 praestantissimus
980 4042 1110 4111 ibidem
1143 4069 1162 4113 e
1200 4064 1384 4140 conspectu
1408 4070 1482 4116 ere·

318 4177 366 4241 ab
375 4179 456 4247 nuit
506 4176 552 4242 At
575 4172 686 4253 Siras,
710 4172 779 4236 uiso
807 4167 910 4235 dedm
930 4192 1071 4261 pavore,
1101 4166 1259 4262 dictoque
1281 4170 1482 4238 Arcitenen-

376 4305 417 4372 tis
435 4300 466 4387 ²)
492 4298 623 4379 audito,
657 4317 819 4363 venenum
849 4291 941 4361 istud
970 4311 1061 4361 atrox
1094 4318 1133 4361 sc
1163 4293 1331 4362 letiferum
1353 4294 1480 4376 hausit,

416 4583 447 4660 2)
469 4584 626 4662 Surum,
646 4584 686 4646 ud
706 4584 842 4647 litterum
864 4604 1002 4645 comeum
1022 4605 1124 4646 amum
1142 4598 1275 4665 gestans,
1298 4594 1345 4648 est
1363 4605 1479 4669 perpe·

497 4692 585 4745 tuum
606 4684 738 4747 Vishutit
760 4705 943 4768 cognomen.
985 4684 1104 4746 Norunt
1118 4685 1213 4768 igitur
1236 4694 1269 4747 ct
1288 4684 1357 4747 lodi
1380 4693 1481 4748 erlem

498 4803 535 4847 ex
554 4786 711 4851 cornubus
732 4784 904 4850 dorcadum
926 4782 973 4849 vel
989 4806 1160 4868 caprorum
1183 4786 1372 4852 silvestrium
1390 4807 1480 4851 orcus
