3609 5817
382 726 468 810 968
759 718 851 807 Lra.
884 714 945 808 11.
973 713 1075 809 Car.
1103 713 1161 806 X.

326 933 434 1000 rosit.
487 931 608 1005 Secum
635 949 792 1027 reputans
819 932 968 1002 solennia
994 957 1073 1003 mox
1107 930 1312 1002 celebranda
1338 932 1405 999 iam
1426 955 1489 1028 pu·

383 1056 472 1125 blice
499 1076 578 1125 nota
605 1083 690 1140 esse,
713 1059 914 1151 gratissimae
935 1056 1091 1127 dominae
1115 1075 1243 1152 patum
1254 1055 1410 1124 nuntium
1429 1057 1490 1125 ob-

324 1197 555 1254 insonanter
586 1180 743 1249 allaturus
779 1183 813 1246 in
836 1204 1041 1275 gynaeceum
1063 1179 1204 1248 intravit.
1254 1177 1404 1272 Inclytus
1427 1175 1485 1246 ille

383 1328 462 1397 erge
481 1303 562 1371 adiit
578 1302 813 1397 amplissimam
825 1301 1003 1372 Caecel'dis
1019 1301 1166 1384 demum,
1182 1319 1341 1395 tanquam
1356 1299 1490 1368 actltcrt

383 1424 534 1493 candidis
566 1425 740 1494 nubeculis
766 1425 976 1512 distinctum,
1007 1426 1081 1521 ipsc
1105 1423 1197 1494 velut
1221 1423 1314 1493 sidus
1343 1423 1490 1494 noctium

324 1549 567 1617 ra.al)raconc
592 1567 795 1643 correptum.
845 1549 941 1618 Vidit
965 1545 1102 1617 domum
1127 1546 1230 1630 illam,
1255 1547 1405 1641 psittacis
1430 1571 1490 1640 pa·

381 1671 588 1765 renibusque
615 1669 926 1753 circumvolitatam,
948 1669 1124 1738 ardearum
1150 1691 1376 1762 anserumque
1399 1665 1490 1736 clan-

382 1815 462 1886 gere
487 1808 708 1886 strepentem,
742 1791 859 1861 fidium
885 1794 1106 1887 tibiarumque
1127 1790 1238 1860 medis
1258 1805 1489 1872 resonantem,

323 1919 399 1986 πᾶα
424 1915 625 2000 famulabus,
651 1917 799 2011 gibberis
826 1936 860 1986 et
883 1919 977 1984 nanis
1003 1917 1269 2012 frequentatam,
1292 1913 1486 1983 instructam

380 2040 581 2110 umbraculis
607 2065 647 2107 ex
669 2040 811 2108 arbustis
836 2041 934 2108 variis
962 2058 996 2107 ct
1016 2039 1183 2108 flexilibus
1208 2055 1288 2132 apte
1316 2037 1488 2118 contextis,

381 2164 469 2231 circa
495 2187 580 2257 quac
602 2159 778 2255 cbampaci
801 2178 835 2229 et
860 2165 957 2228 esect’
978 2161 1153 2243 florebant,
1185 2159 1382 2228 instructam
1405 2179 1490 2252 que·

321 2287 368 2365 re„
381 2309 447 2379 quc
482 2285 665 2380 porticibus
700 2286 875 2370 eburneis,
921 2286 1104 2378 argenteis,
1141 2283 1272 2367 aurcis3
1312 2281 1487 2351 uberibus

380 2433 514 2502 semper
537 2408 666 2477 floridis
691 2435 731 2477 ac
745 2413 903 2505 pomosis,
930 2410 1121 2506 stagnisque
1134 2405 1284 2502 limpidis
1309 2407 1489 2491 nitentem3

321 2532 367 2598 15.
382 2529 544 2598 sedilibus
579 2532 755 2615 cbmncis,
795 2534 979 2627 argenteis,
1012 2533 1122 2601 aureis
1158 2532 1318 2614 cinctem;
1354 2527 1489 2610 eduliis,

380 2649 637 2734 sorbitionibus,
662 2653 827 2747 variisque
853 2652 995 2746 dapibus
1027 2650 1271 2736 abundantem,
1297 2669 1489 2746 sumptuose

322 2768 368 2834 16.
382 2789 500 2838 ornatu
534 2773 690 2841 coelitum
722 2775 821 2843 sedes
858 2775 1088 2844 aemulantem.
1157 2770 1258 2860 Quod
1288 2796 1489 2868 gynaeceum

381 2890 578 2984 opulentum
610 2896 777 2988 ingressus
809 2924 948 2994 magnus
981 2923 1060 2980 ror,
1086 2921 1155 2966 nen
1180 2915 1290 2966 tamen
1316 2897 1490 2990 conspexit

322 3023 368 3092 ¹7·
382 3041 493 3086 curam
515 3018 718 3089 Caecel'dem
744 3024 779 3089 in
810 3040 884 3092 tore
911 3025 1044 3118 egregio
1078 3023 1264 3090 cubantem.
1314 3023 1403 3087 Tum
1429 3043 1490 3114 po·

379 3137 537 3233 pnlorum
554 3141 710 3214 deminus
726 3148 893 3243 cupidinis
913 3151 946 3216 vi
961 3147 1145 3230 deuinctus,
1168 3145 1305 3214 delicias
1331 3169 1405 3212 suas
1430 3141 1489 3210 de·

380 3262 543 3347 sidereus,
568 3291 637 3335 non
661 3293 804 3337 cernens
831 3271 1007 3364 coniugem
1023 3268 1193 3352 dilectam,
1219 3267 1383 3362 quaesivit
1405 3263 1487 3360 qnid

322 3381 477 3468 ¹8·csset,
506 3405 540 3455 et
565 3391 781 3459 conturbatus
804 3393 873 3460 suit.
925 3395 1045 3486 Neque
1071 3391 1162 3457 enim
1186 3388 1327 3456 antebac
1352 3384 1487 3454 dontius

379 3506 467 3573 banc
492 3507 610 3575 boram
635 3513 906 3603 praetermittere
928 3511 1074 3592 solebat,
1104 3516 1188 3604 quin
1212 3535 1289 3578 eum
1312 3525 1489 3604 exspecte-

378 3644 450 3708 νοις
489 3654 555 3697 nec
593 3655 739 3725 unquam
780 3658 838 3699 rex
870 3633 1006 3701 domum
1049 3659 1185 3702 vacuam
1222 3629 1489 3726 ingrediebatur:

320 3768 485 3842 19.quare
510 3749 732 3834 Caccc‘r'dcm,
768 3755 860 3820 cuius
883 3753 1040 3821 visendae
1065 3755 1168 3848 gratia
1191 3771 1338 3836 venerat,
1362 3753 1488 3846 ubique

379 3871 567 3964 anquisirit,
593 3872 760 3967 siqnidem
786 3873 854 3942 huc
879 3900 985 3970 usque
1002 3900 1070 3944 non
1098 3892 1299 3970 cognoverat
1322 3871 1411 3942 lttcri
1436 3897 1489 3942 ca·

318 3993 494 4088 captandi
520 3995 650 4065 avidam
664 3997 902 4068 indocilemvc.
928 4001 1064 4068 lanitrix
1088 4025 1168 4069 rere
1192 3999 1383 4094 perterrita,
1408 4021 1488 4092 pro·

378 4123 479 4188 tensis
507 4122 650 4214 supplex
683 4126 853 4204 manibus,
879 4123 1039 4193 Domine!
1071 4127 1199 4219 inquit,
1232 4121 1368 4192 demina
1389 4119 1488 4189 valde

317 4245 459 4312 anirata
481 4243 524 4312 ad
550 4244 738 4315 ollcnsionis
761 4248 952 4317 cubiculum
977 4251 1177 4344 properarit
1229 4245 1393 4314 Ianitricis
1419 4269 1490 4312 scr-

378 4391 477 4434 monc
502 4367 613 4436 audito
640 4395 709 4449 rex,
735 4371 800 4436 iam
817 4393 1031 4463 summepere
1048 4371 1280 4464 auimeaegcr,
1305 4365 1491 4434 vehemen-

318 4487 443 4554 aa.tius
470 4491 567 4556 etiam
592 4488 717 4572 doluit,
744 4491 960 4558 titubantibus
992 4492 1199 4585 turbatisque
1224 4487 1385 4558 sensibus.
1438 4487 1490 4553 lbi

382 4615 554 4702 conspexit
579 4635 741 4682 terrarum
768 4615 935 4696 (lominus,
960 4615 1079 4684 delore
1101 4615 1195 4711 «perosi
1221 4615 1372 4710 flagrans,
1397 4611 1491 4680 illam

320 4733 472 4806 athomi
500 4737 689 4833 cellapsnur,
723 4739 860 4834 indiguo
898 4740 1011 4806 babitu
1043 4740 1226 4809 culrarttem.
1284 4737 1361 4832 lpsc
1384 4761 1489 4802 senet
