3609 5817
458 788 539 873 tto
765 774 857 869 Ltn.
888 771 926 863 1.
954 771 1055 869 co.
1086 765 1226 874 XLV.

453 1023 530 1069 cum
544 997 735 1069 Fidicinum
751 997 1038 1068 chorisoceauum
1062 992 1173 1065 denuo
1198 987 1361 1064 smsando
1384 992 1560 1077 missum,

450 1118 541 1188 unde
565 1117 700 1190 tandem
724 1138 919 1190 concretum
943 1138 994 1190 est
1015 1116 1126 1203 istud,
1157 1115 1251 1211 quod
1273 1120 1421 1187 masuic
1445 1121 1559 1212 cupie-

389 1240 557 1330 dbbant,
577 1243 737 1310 nimirum
762 1243 1227 1339 ambrosiapraestantissima.
1250 1241 1297 1313 At
1318 1243 1417 1312 buius
1441 1241 1558 1312 truen-

449 1363 511 1433 dae
537 1367 640 1459 gratia
663 1367 781 1459 ingens
805 1367 961 1461 stirpium
984 1366 1107 1435 exstitit
1141 1371 1280 1460 strages:
1302 1365 1427 1435 etenim
1445 1362 1558 1435 Aditi·

387 1494 439 1577 db.
449 1488 501 1557 dis
525 1490 595 1557 nati
619 1488 767 1558 Ditiadas
783 1488 875 1560 bello
899 1492 1156 1587 impugnarem
1181 1487 1285 1559 ultera
1304 1495 1346 1558 'cx
1369 1487 1468 1586 p'urte
1492 1489 1556 1560 'ob-

447 1615 534 1682 viam
557 1615 598 1681 iis
627 1637 823 1709 processere
847 1615 949 1684 Asuri
985 1617 1096 1686 cuncti
1122 1637 1198 1685 cum
1219 1614 1416 1709 Gigantibus
1438 1625 1557 1684 conso

447 1740 533 1807 cisti.
585 1738 807 1807 Commissum
841 1755 893 1807 est
919 1735 1087 1832 proelium
1111 1737 1369 1819 atrocissimum,
1404 1756 1474 1830 quo
1494 1733 1556 1802 ui-

386 1861 526 1957 q7‚plcx
556 1860 700 1931 mundus
740 1862 1001 1956 obstupesceret
1052 1860 1158 1932 ,Dum
1188 1858 1299 1927 omnia
1329 1853 1375 1924 ad
1404 1856 1555 1924 interne-

447 1986 579 2051 cionem
603 1986 756 2065 ruebant,
782 1982 930 2050 Vishnus
954 1978 1165 2075 praevalidus
1186 1980 1330 2062 interim,
1353 2001 1433 2046 usus
1457 1999 1554 2072 prue-

445 2107 548 2197 stigiis
571 2106 693 2199 quibus
718 2103 833 2173 oculos
858 2102 975 2170 saliere
999 2100 1102 2185 solet,
1132 2103 1198 2171 cito
1220 2100 1420 2171 ambrosiam
1440 2098 1553 2167 absm-

385 2222 493 2307 dulit
551 2228 616 2310 Qui
639 2226 784 2294 Vishnui
817 2243 969 2305 aeterno,
1007 2246 1135 2292 summo
1161 2222 1291 2306 Genio,
1316 2224 1468 2293 cominus
1492 2219 1554 2290 ob·

444 2350 611 2430 stitcrant,
637 2348 824 2442 proculcsti
848 2366 926 2417 sunt
950 2350 985 2415 in
1011 2350 1197 2445 hacpugns
1217 2376 1237 2417 a
1262 2347 1327 2418 deo
1351 2369 1467 2415 rerum
1489 2367 1553 2440 po-

383 2474 544 2557 49.tente.
593 2467 740 2538 Aditidis
773 2471 841 2537 nati
871 2469 1026 2540 bellicosi
1054 2470 1177 2538 Ditidis
1210 2468 1296 2538 filios
1330 2468 1375 2538 ad
1405 2470 1553 2537 interue-

445 2591 578 2656 cionem
617 2586 772 2658 delevere
810 2593 847 2658 iu
884 2594 987 2659 atroci
1027 2593 1095 2660 hoc
1124 2592 1282 2660 conflictu
1311 2593 1399 2661 iuter
1430 2591 1553 2659 utrim-

386 2717 433 2782 50.
446 2737 512 2803 quc
548 2711 642 2778 divae
679 2710 820 2803 prolem.
890 2713 1075 2808 Profligatis
1107 2710 1253 2808 denique
1283 2711 1452 2796 hostibus,
1486 2712 1550 2779 im-
1573 2741 1582 2780 ,ε

442 2834 575 2924 perium
598 2833 739 2926 adeptus
769 2836 904 2903 urbium
937 2861 1072 2905 eversor
1097 2836 1232 2921 ludras,
1268 2835 1373 2907 laetus
1405 2833 1550 2905 mundos

440 2958 545 3038 rexit,
589 2959 782 3055 pariterque
821 2959 1018 3055 Sapientem
1048 2980 1082 3032 et
1114 2964 1323 3032 Praetorium
1357 2957 1548 3031 coelestium

441 3084 580 3175 agmina.

434 3282 689 3302 *—

564 3390 673 3474 galici,
703 3392 768 3455 aliis
797 3413 925 3479 quoque
960 3394 991 3455 in
1024 3394 1086 3457 boc
1114 3396 1216 3480 eapite
1248 3396 1389 3473 mutatis,
1422 3395 1550 3462 distich

560 3489 679 3553 20-—31
698 3492 873 3560 eieceruntt
895 3495 1023 3558 sortasse
1039 3496 1112 3582 quia
1125 3495 1262 3559 Siramu
1282 3496 1401 3560 Vishnu
1424 3497 1549 3562 irrisum

561 3612 624 3651 non
645 3591 829 3655 tolerabant.
850 3595 949 3655 -lu
970 3595 1121 3658 Larmidis
1142 3595 1351 3681 descriptione
1369 3597 1433 3661 boo
1449 3598 1547 3662 selum

560 3692 611 3753 uie
632 3689 774 3771 offendit,
796 3692 883 3778 quod
902 3695 1135 3780 qsamiribmslu'o
1154 3696 1279 3760 dicitur.
1321 3697 1454 3762 Vishnds
1474 3698 1546 3785 qui·

560 3789 630 3851 dem
652 3792 778 3869 lacerti,
802 3792 842 3854 ab
864 3792 998 3857 humero
1019 3795 1058 3857 ad
1079 3796 1220 3860 cubitum
1236 3797 1401 3883 simplices,
1423 3797 1496 3862 inde
1515 3799 1544 3860 iu

559 3888 622 3951 duo
643 3891 771 3953 brachia
792 3889 987 3955 dividuntur.
1029 3894 1089 3958 Sed
1104 3898 1223 3961 burmis
1246 3899 1277 3960 in
1299 3897 1442 3963 omuibus
1460 3899 1545 3986 sigil-

559 3990 593 4051 lis
614 4013 648 4052 es
673 4013 746 4056 aere
766 3992 850 4071 fusis,
872 4003 1032 4078 quotquot
1049 4018 1187 4082 uuquam
1211 4021 1261 4063 me
1285 3999 1390 4062 videre
1410 3999 1545 4076 merniui,

558 4098 612 4149 aut
643 4091 707 4173 ipsc
737 4091 901 4174 possideo,
935 4093 998 4156 duo
1026 4096 1118 4159 modo
1149 4097 1243 4161 babet
1261 4098 1399 4161 brachis.
1440 4099 1545 4183 Neque

559 4190 722 4267 imaginem
742 4215 878 4255 summae
908 4197 1074 4261 venustatis
1102 4196 1192 4264 decet
1219 4198 1297 4264 lmec
1334 4198 1543 4264 membrorum

556 4289 835 4375 multiplicatorum
856 4291 1044 4360 deformitas.

831 4601 1130 4617 --.........-....
