3609 5817
538 723 699 817 Rauso
726 750 913 817 turonium
942 746 1199 814 onntuaruu.
1340 722 1427 809 oto

325 966 396 1012 ctus
423 962 481 1012 cst
530 944 577 1012 Ut
600 944 643 1012 de
667 944 790 1011 ieiunio
816 945 879 1011 rite
912 940 1119 1010 instituendo
1146 944 1219 1034 ipsc
1245 934 1470 1016 carminumt„

323 1066 512 1133 solennium
536 1089 654 1160 gnarus
680 1066 833 1130 iuvenem
856 1061 1044 1130 eorundem
1075 1087 1143 1130 non
1167 1063 1320 1156 ignarum
1345 1058 1429 1128 edo·

325 1204 435 1267 cerct,
462 1185 670 1256 sacerdotale
696 1204 892 1280 carpentum
916 1186 1027 1254 bubus
1052 1187 1201 1253 iunctum
1224 1182 1347 1252 insedit
1370 1207 1430 1250 au·

323 1325 430 1375 steros
456 1307 515 1376 ille
541 1329 658 1378 asceta
683 1313 861 1404 Postquam
882 1325 1085 1403 pervenerat
1106 1306 1149 1375 ad
1171 1309 1292 1375 mnae
1316 1304 1429 1388 aedes,
1441 1307 1469 1374 5.

325 1434 539 1502 albicantium
563 1436 703 1502 nubium
726 1436 830 1502 instar
847 1432 1073 1529 splendentes,
1098 1450 1167 1500 tres
1191 1429 1283 1499 aulas
1307 1453 1430 1525 perve-

326 1576 397 1625 ctus
431 1577 481 1626 cst
516 1574 604 1625 rates
636 1558 945 1652 praestantissimus.
999 1556 1045 1624 At
1072 1555 1205 1636 Rimas,
1239 1554 1470 1648 comperto,6.

325 1680 519 1771 Sapientem
541 1676 734 1759 advenisse,
763 1700 847 1769 prae
874 1675 1096 1743 commotione
1122 1675 1221 1743 animi
1246 1677 1383 1746 festinus
1410 1699 1429 1744 e

324 1802 426 1872 domo
451 1826 670 1899 procurrere,
700 1801 924 1868 honoraturus
956 1799 1138 1867 honoribus
1165 1797 1312 1891 dignum.
1360 1799 1473 1887 De-7.

324 1926 407 1994 inde
432 1943 656 2019 properanter
688 1943 847 2018 carpento
878 1926 1033 1992 assistens
1067 1924 1141 2018 ipse
1167 1946 1281 1990 senem
1304 1919 1432 2014 ample-

325 2068 418 2115 xatus
446 2050 480 2113 in
505 2045 667 2136 descensu
692 2048 881 2116 sublevavit.
931 2047 998 2115 lste
1024 2072 1116 2129 vero,
1138 2044 1338 2140 religionum
1362 2044 1473 2111 ma-il

326 2177 447 2264 gister,
484 2190 663 2266 perspecta
692 2169 913 2240 adolescentis
943 2168 1107 2240 modestia
1132 2167 1258 2236 blando
1283 2166 1432 2262 alloquio

325 2294 543 2364 consalutauit
569 2298 714 2378 Rdmam,
739 2314 773 2364 et
804 2295 1043 2364 exhilaraturus
1074 2294 1256 2387 gratissima
1281 2316 1435 2386 quaeque

325 2436 510 2486 merentem
532 2418 608 2487 talia
634 2418 737 2486 tatur:
771 2419 940 2514 Propitius
974 2420 1034 2488 tibi
1060 2436 1110 2487 est
1133 2435 1249 2511 pater,
1273 2438 1293 2483 o
1319 2414 1476 2493 litmaro

325 2542 459 2634 imperii
485 2542 688 2610 consortium
713 2540 895 2637 adepturus
930 2567 982 2627 es3
1009 2541 1113 2610 hodie
1138 2557 1249 2608 autem
1270 2563 1346 2607 cum
1365 2537 1435 2606 sta

327 2668 533 2735 consociatus
559 2667 719 2734 ieiunium
754 2691 884 2736 servare
916 2666 1007 2736 velis.
1067 2666 1219 2734 Crastino
1245 2688 1344 2730 mane
1368 2661 1434 2730 uti·
1451 2678 1497 2723 ¹0.

328 2816 395 2883 que
420 2806 516 2882 pater
549 2808 639 2869 tuus,
672 2813 732 2855 rex
757 2790 971 2869 Dasarathas,
1002 2808 1036 2857 te
1067 2786 1112 2855 ad
1145 2786 1349 2854 consortium
1372 2784 1436 2850 im·

328 2910 416 3002 perii
442 2910 650 2978 consecrabit
674 2910 809 2978 caritate
834 2928 1027 3004 permotus,
1051 2909 1147 2977 sicuti
1173 2907 1254 2976 olim
1277 2908 1437 3001 Yayttem

327 3033 508 3101 bahushas.
571 3032 621 3099 Ita
653 3031 737 3101 latus
770 3035 954 3100 carminum
986 3030 1173 3115 solennium
1198 3054 1319 3125 gnarus
1343 3048 1434 3098 vates
1452 3049 1497 3097 tt.

328 3155 447 3221 lldmae
472 3154 686 3248 temperantis
711 3180 751 3221 ac
774 3152 968 3223 Videbanae
1002 3154 1164 3224 consortis
1195 3153 1355 3222 ieiunium
1379 3176 1436 3220 or·

328 3275 464 3344 dinavit.
514 3276 650 3344 Deinde
675 3304 694 3345 a
719 3278 837 3359 Rdma,
864 3296 968 3371 prout
989 3275 1141 3359 decebat,
1165 3277 1352 3347 honorilice
1377 3276 1436 3343 he·
1453 3298 1499 3342 ta.

327 3402 414 3468 bitus
441 3401 530 3495 regis
555 3402 728 3495 magister,
754 3398 890 3468 dimim
917 3399 1142 3480 Cacutstbide,
1168 3398 1211 3465 ab
1238 3399 1309 3466 eius
1334 3394 1435 3466 domo

330 3550 499 3619 regressus
523 3542 584 3592 est.
633 3525 803 3594 Athmu
825 3520 1028 3618 aliquamdiu
1054 3550 1073 3591 a
1098 3521 1314 3591 familiaribus
1339 3518 1498 3588 blan-13.

329 3646 476 3742 diloquis
503 3648 758 3730 circumsessus,
789 3666 926 3717 cunctos
956 3645 1082 3715 dimisit
1114 3664 1147 3714 et
1173 3642 1363 3714 mibiculum
1384 3645 1436 3712 in-

329 3774 433 3840 trarit.
483 3773 583 3839 Tune
609 3772 728 3840 bimae
760 3770 878 3841 domus
909 3771 1003 3840 laetis
1028 3770 1157 3840 famulis
1183 3767 1435 3865 famulabusque
1453 3771 1500 3849 14.

329 3898 489 3990 frequens
515 3894 733 3989 adspicienda
765 3915 851 3978 crat,
885 3894 993 3991 qualis
1017 3894 1108 3965 lacus
1133 3893 1193 3964 loti
1219 3893 1351 3990 calyces
1378 3920 1437 3962 ex-

328 4018 483 4113 pandens
507 4017 636 4087 lascivis
658 4021 771 4087 avibus
793 4019 1080 4088 circumvolitatus.
1111 4019 1303 4089 Vasishthas
1327 4038 1437 4088 autem
1453 4018 1500 4086 15.

331 4168 485 4237 egressus
511 4168 552 4209 ex
568 4143 688 4210 Rdmac
713 4142 861 4226 sedibus,
882 4168 968 4238 quae
985 4142 1121 4211 domum
1146 4143 1297 4239 regalem
1322 4170 1437 4213 aemu-

327 4266 495 4340 labantur,
522 4266 697 4358 conspexit
722 4269 807 4333 viam
839 4264 1083 4333 ambulantibus
1109 4265 1300 4335 consertam.
1351 4268 1501 4339 Ubi-16.

329 4416 395 4483 quc
422 4392 456 4455 in
482 4388 567 4455 urbe
591 4388 755 4484 Ayddhya
776 4388 906 4484 plateae
920 4389 1099 4484 ampliores
1117 4417 1227 4486 paene
1254 4393 1435 4485 imperviae

328 4532 444 4593 crant,
478 4514 668 4579 catervatim
701 4512 896 4607 conglobata
929 4512 1032 4606 plebe
1066 4512 1195 4581 risendi
1229 4513 1352 4608 cupida
1375 4516 1436 4585 ob·

327 4654 484 4703 structae.
516 4633 631 4720 Qualis
656 4637 774 4703 occani
800 4653 873 4703 crat
897 4636 1053 4727 strepitus
1079 4635 1149 4702 viae
1172 4637 1283 4729 regiae
1310 4639 1497 4739 exilu-17,

326 4759 433 4827 ctibus
467 4757 686 4829 multitudinis
714 4760 804 4829 inter
836 4785 872 4829 se
911 4757 1051 4843 collisis,
1092 4757 1257 4856 laetisque
1297 4765 1434 4837 vocibus
