3609 5817
356 736 684 827 Jauaoanrtuos
701 729 903 824 Soraanu
924 759 1089 823 smnus
1108 755 1325 825 exeamus.
1345 741 1432 828 tto

329 954 656 1049 incomparabilibus,
681 981 763 1050 quas
790 956 989 1025 castimoniis
1013 956 1094 1023 mibi
1121 954 1279 1049 quaesivi,
1304 957 1435 1048 praeci-

329 1079 389 1145 das
415 1076 495 1144 lieet
528 1080 643 1170 sagitta
664 1079 799 1161 emissa,
830 1101 942 1170 neque
972 1075 1038 1143 ulla
1070 1075 1211 1171 amplius
1244 1078 1300 1145 liat
1331 1105 1433 1146 mora.

329 1205 435 1270 Arcus
460 1202 558 1268 huius
589 1202 816 1293 experimento
842 1222 984 1291 agnosco
1016 1216 1065 1277 te,
1095 1217 1265 1267 aeternum
1289 1201 1433 1269 Madbtis
1452 1232 1496 1293 ¹7·

327 1325 586 1404 interfectorem,
611 1323 875 1416 potentissimum
900 1347 1037 1389 numen:
1065 1322 1153 1391 salve
1177 1323 1269 1403 mibi,
1291 1324 1434 1391 hostium

331 1444 493 1514 domitor!
544 1448 643 1528 Ecce,
669 1445 836 1540 Superdm
856 1447 986 1539 agmina
1007 1444 1157 1540 undique
1179 1465 1375 1540 congregata
1402 1465 1433 1513 te
1451 1458 1496 1524 18,

327 1572 508 1651 intuentur,
533 1567 829 1661 incomparabilem
842 1569 942 1635 rebus
959 1569 1069 1660 gestis,
1085 1568 1385 1660 inexsuperabilem
1400 1572 1433 1636 iu

326 1693 466 1789 proelio.
494 1695 612 1786 Neque
638 1691 724 1758 ullus
748 1689 859 1785 pudor
884 1691 967 1757 milri
991 1715 1062 1758 esse
1082 1688 1197 1772 debet,
1223 1690 1496 1789 Cacustlaide,19

328 1817 422 1910 qnod
446 1843 464 1883 a
486 1834 537 1896 te,
563 1815 736 1908 tergemini
761 1811 877 1879 mnndi
899 1811 1054 1893 domino,
1083 1810 1225 1879 frontem
1259 1810 1434 1878 demittere

327 1956 459 2005 coaetus
476 1938 530 2004 tui.
555 1938 607 2003 Te
629 1933 737 2013 decet,
755 1952 868 2002 sancte
883 1935 993 2017 litma,
1018 1934 1167 2027 sagittam
1191 1935 1433 2027 praestantissi-
1447 1969 1487 2011 20

326 2085 414 2127 mam
431 2062 588 2140 emittere,
614 2077 692 2152 post
703 2058 794 2126 cuius
809 2060 930 2126 iactum
942 2056 1033 2126 illico
1047 2054 1091 2124 ad
1109 2075 1255 2125 montem
1267 2054 1433 2125 excelsum

326 2182 551 2252 blabtndrum
577 2184 687 2251 abibo.
738 2181 970 2276 Italoqueute
991 2183 1092 2249 Rima
1115 2181 1349 2277 Jamadagneio
1374 2207 1496 2266 aru-21,

326 2325 438 2401 gustus
450 2306 564 2374 litmas
583 2304 818 2374 Dasarathides
843 2305 993 2397 sagittam
1014 2305 1326 2397 praestantissimam
1350 2303 1433 2370 cmi-

326 2430 384 2513 sit3
408 2457 474 2523 quaa
502 2457 606 2526 quum
639 2428 696 2496 illc
718 2426 853 2497 vidisset
884 2429 1052 2522 praecisas
1082 2429 1146 2495 sibi
1169 2424 1266 2495 sedes
1293 2450 1430 2521 superas
1444 2459 1495 2508 ῃ,

326 2552 525 2620 castimoniis
560 2552 744 2645 quaesitas,
780 2548 975 2617 festinanter
1010 2550 1092 2618 abiit
1130 2547 1173 2616 ad
1206 2547 1431 2618 blablndmm

324 2693 473 2741 montem
504 2672 682 2744 excelsum
738 2676 836 2742 Tunc
873 2674 982 2741 statim
1021 2689 1158 2739 cunctae
1190 2672 1275 2741 coeli
1310 2669 1429 2765 plagae
1443 2687 1493 2753 23,

325 2794 511 2863 cardianles
538 2814 570 2863 et
593 2794 811 2863 intermediae
836 2813 1006 2864 serenatae
1031 2816 1118 2876 sunt,
1140 2794 1329 2891 superique
1355 2823 1431 2864 cnm

324 2918 537 3011 sapientibus
564 2921 753 3012 congregati
778 2919 913 2986 Rimam
945 2919 1002 2987 teli
1037 2917 1251 2987 iaculatorem
1276 2916 1431 2985 laudibus

323 3040 493 3109 extollere.
574 3044 690 3110 Rimas
728 3040 980 3135 Jamadagneius
1018 3042 1091 3135 ipse
1130 3063 1285 3136 quoqne,
1330 3040 1494 3130 Raimaad.

328 3275 590 3291 ffl-

446 3471 549 3532 tittore
563 3469 712 3545 decurrit,
727 3471 784 3548 (tiae
803 3470 908 3544 Gtan)
931 3466 1126 3531 referendum
1147 3488 1209 3530 mse
1231 3476 1344 3529 censat
1367 3466 1431 3530 tta·

445 3573 552 3631 bemus
563 3594 599 3633 ea
615 3571 653 3631 de
669 3592 703 3632 re
718 3570 927 3631 testimonium
941 3569 1098 3631 disemum.
1117 3570 1304 3650 sagum
1317 3575 1430 3630 auctor

445 3673 509 3747 (Vi,
520 3667 580 3744 bl.)
596 3670 800 3733 Maltendrum
817 3680 954 3732 montem
969 3671 999 3731 in
1012 3669 1131 3731 ditione
1145 3670 1221 3751 regis
1230 3668 1428 3750 Calingarttm

443 3772 550 3852 ponit,
573 3793 590 3832 e
617 3773 703 3833 euius
726 3773 808 3854 regia
828 3793 961 3832 oceanus
991 3772 1127 3852 prospici
1149 3777 1282 3852 poterat.
1326 3768 1427 3849 Vulgo

442 3879 552 3931 notum
574 3882 636 3944 est,
670 3880 804 3932 tractum
836 3870 1002 3933 littoralem
1029 3893 1047 3931 a
1077 3871 1189 3953 Gangis
1221 3869 1301 3929 ostio
1323 3888 1428 3929 versos

442 3970 600 4031 meridiem
635 3970 724 4032 buius
753 3971 862 4053 populi
897 3970 999 4033 sedem
1033 3971 1131 4032 tuisse.
1182 3969 1257 4030 lude
1278 3968 1426 4050 suspicari

443 4070 524 4146 ticet,
541 4071 745 4131 btabendrum
760 4083 896 4134 montem
912 4071 1044 4133 eundem
1065 4092 1137 4145 esso,
1161 4069 1214 4152 qui
1231 4067 1330 4129 Plinio
1350 4087 1427 4150 pro·

438 4170 630 4231 montorium
651 4170 803 4251 Calingin
832 4170 957 4233 dicitur.
988 4174 1105 4233 Nomen
1127 4167 1323 4241 hodiernum,
1345 4166 1426 4250 &pt

442 4270 611 4347 l’nlmyrcu,
634 4268 674 4331 ab
695 4269 784 4331 buius
806 4271 928 4352 generis
949 4272 1130 4352 palmarum,
1153 4268 1270 4330 ooraui
1296 4263 1426 4328 stabatti·

441 4368 555 4440 sonnis,
572 4370 761 4432 abnndantia
778 4368 916 4446 ductum,
937 4371 1015 4431 mire
1037 4368 1197 4451 conspirat
1211 4388 1281 4427 cum
1305 4362 1423 4427 descri-

439 4469 542 4546 ptione
574 4472 700 4549 pruine,
731 4471 784 4552 qui
814 4471 928 4531 ibidem
958 4468 1130 4529 eorundum
1158 4486 1286 4528 nemora
1308 4463 1420 4526 laudat.

437 4568 689 4630 banau-vam.
713 4570 824 4645 Vibi.
869 4569 1051 4650 inteligitur
1071 4568 1151 4643 inde,
1172 4568 1298 4627 litum
1317 4565 1420 4625 iams-

435 4666 598 4744 atagneinm
619 4692 636 4727 a
655 4672 793 4753 Casyapo
818 4670 857 4732 ael
877 4678 1044 4733 extremm
1063 4667 1169 4732 lodito
1189 4685 1280 4728 orm
1302 4664 1419 4751 solop-

441 4777 505 4826 turu
527 4768 628 4829 sanae.

1201 4878 1244 4947 ¹5
