3609 5817
393 744 444 822 18
747 728 836 815 Lu.
868 725 901 812 1.
940 721 1038 812 Car.
1074 723 1131 811 ll.

389 949 561 1033 consedit3
586 946 708 1015 deinde
728 944 870 1013 lemlci
897 941 1106 1036 significavit,
1135 960 1168 1006 ut
1190 960 1223 1006 et
1243 942 1314 1032 ipsc
1337 934 1490 1002 conside-

328 1072 374 1132 30·
388 1092 447 1141 ret
485 1072 606 1141 Coram
632 1072 678 1137 ibi
700 1069 836 1137 sedente
858 1070 969 1162 prisco
998 1089 1108 1131 rerum
1134 1063 1300 1155 genitore,
1323 1057 1489 1124 lemlces

387 1199 423 1263 in
444 1194 734 1288 ¹contemplatione
768 1190 894 1257 defixus
929 1206 1020 1268 erat,
1055 1205 1165 1252 mente
1199 1186 1296 1249 unice
1330 1183 1365 1247 in
1397 1182 1491 1246 istam

325 1336 461 1397 wem
481 1321 614 1385 intenta.
654 1317 785 1409 Lugeus
810 1314 966 1380 continuo
994 1308 1126 1376 ardeam
1151 1307 1325 1386 seminam,
1351 1304 1488 1371 Suocuu

387 1446 478 1513 bunc
502 1446 623 1510 iterum
646 1442 833 1531 iterumque
865 1437 1027 1514 canebat,
1061 1435 1111 1499 sui
1136 1433 1199 1498 sibi
1224 1455 1292 1498 non
1318 1430 1490 1503 conscius,

327 1584 377 1645 32,
389 1567 534 1637 moerori
555 1562 654 1658 plane
681 1559 830 1627 deditus:
855 1557 963 1625 ‘’Male
990 1557 1149 1624 factumn
1174 1555 1299 1621 nefario
1324 1568 1490 1631 venatore,

389 1693 486 1759 noxia
512 1686 648 1755 consilia
672 1687 832 1777 agitante,
856 1680 948 1775 quod
974 1680 1107 1746 ardeam
1132 1699 1198 1747 tam
1220 1677 1319 1745 dulce
1342 1676 1491 1769 garrien-

327 1817 457 1895 wem
482 1813 553 1879 sine
586 1808 652 1876 ulla
686 1834 782 1875 causa
814 1805 982 1876 occiditla
1022 1807 1118 1872 Hunc
1154 1802 1276 1869 deinde
1306 1802 1489 1866 Baacuuau

281 1924 285 1933 ⁸
389 1932 502 2001 ridens
533 1934 694 2002 allocutus
720 1953 769 2001 est
798 1934 1070 2001 anachoretarum
1094 1928 1305 2021 principem:
1340 1921 1489 1987 »Saccus

389 2056 527 2152 quidem
551 2085 569 2124 a
597 2075 629 2124 te
655 2074 852 2139 contextus3
887 2056 1007 2122 frustra
1040 2054 1126 2120 soret
1150 2051 1215 2117 hoc
1246 2044 1386 2139 amplius
1411 2067 1490 2133 per·

327 2193 375 2271 34,
389 2182 537 2246 scrutari.
573 2177 700 2272 Sponte
720 2204 778 2245 aua
788 2229 797 2259 ,
824 2176 1081 2246 oBracbmanal
1107 2176 1167 2242 tibi
1184 2169 1390 2265 promanavit
1406 2167 1490 2231 baec

387 2300 577 2369 modulatio.
627 2304 700 2383 Tu,
725 2321 834 2369 vatum
856 2303 1000 2394 optime,
1026 2317 1127 2366 totam
1144 2300 1261 2365 Rdrnac
1278 2296 1377 2360 eitam
1398 2312 1490 2356 com-

326 2440 371 2504 35,
385 2449 484 2517 pone.
534 2426 654 2492 Batnae
671 2428 738 2520 pii,
763 2423 937 2491 virtutibus
952 2421 1105 2516 praediti,
1130 2420 1315 2515 prudentis,
1338 2435 1491 2485 constan·

386 2552 447 2627 tis,
474 2573 528 2615 res
554 2574 616 2640 per
640 2550 757 2615 orbem
782 2567 946 2615 terrarum
971 2565 1075 2640 gestas
1095 2570 1230 2626 enama,
1255 2544 1352 2612 sicuti
1368 2541 1489 2607 ede-

322 2668 466 2745 36‚rada
491 2694 545 2737 eas
571 2668 735 2737 audivisti.
787 2669 957 2764 Quicquid
989 2696 1101 2737 rerum
1134 2689 1204 2737 tum
1235 2687 1363 2736 secreto
1375 2718 1385 2749 ,
1419 2683 1491 2732 tum

384 2790 494 2883 palam
530 2812 703 2885 gesserunt
738 2793 852 2861 Raimaa
886 2795 948 2861 iste
981 2793 1149 2887 prudens,
1181 2790 1361 2860 Sumitride
1384 2793 1489 2859 comi·

322 2925 491 3009 35.tante,
516 2913 740 3009 Gigantesque
765 2935 930 3010 quotquot
953 2937 1046 3003 sunt3
1071 2941 1227 2984 necnon
1252 2912 1415 3009 quicquid
1439 2912 1489 2979 ia-

384 3054 473 3103 ctum
491 3038 558 3104 aive
577 3037 707 3131 palam,
732 3041 799 3105 sive
815 3059 943 3108 secreto
961 3067 980 3107 a
995 3040 1106 3134 puella
1122 3039 1312 3107 Videbana:
1338 3037 1375 3103 id
1388 3061 1488 3104 omne

321 3168 370 3231 38.
383 3158 567 3227 secundum
599 3163 767 3229 veritatem
800 3162 861 3229 tibi
894 3180 1011 3229 notum
1037 3162 1101 3229 fiet.
1152 3162 1230 3228 Meo
1261 3161 1371 3228 favore
1395 3159 1487 3227 nulla

382 3307 444 3350 vox
469 3283 549 3351 salsa
574 3284 610 3351 in
641 3286 786 3352 carmine
811 3303 868 3353 tuo
893 3287 1088 3354 invenietur.
1126 3286 1300 3379 Compone
1325 3290 1486 3354 narratio-

380 3431 458 3474 nem
480 3405 523 3475 de
545 3408 666 3489 Rama,
692 3407 856 3491 divinam,
880 3407 991 3478 Siccis
1007 3427 1211 3491 contextam,
1236 3407 1349 3475 auditu
1367 3411 1485 3477 iucun-

317 3533 365 3617 39.
380 3527 465 3595 darn.
515 3530 680 3613 Quamdiu
712 3534 746 3598 in
783 3551 890 3599 terrae
925 3532 996 3599 solo
1031 3552 1160 3600 montes
1184 3552 1217 3601 et
1250 3533 1385 3599 flumina
1417 3536 1484 3600 auia

379 3676 531 3745 quaeque
562 3651 644 3719 locis
668 3654 871 3736 manebunt,
907 3654 1033 3723 tamdiu
1058 3655 1235 3726 Rametdos
1262 3682 1396 3725 omen
1422 3685 1485 3751 per

317 3789 364 3868 40,
378 3773 495 3839 orbem
513 3776 770 3867 propagabitur3
793 3776 953 3868 quamdiu
965 3779 1142 3847 Rdmct'doa
1161 3806 1328 3849 carmena
1345 3800 1377 3848 te
1393 3806 1484 3848 com-

378 3896 522 3986 positum
546 3899 804 3988 propagabitur,
839 3899 965 3966 tamdiu
991 3900 1132 3969 subinde
1159 3904 1203 3970 ad
1228 3904 1344 3971 altiora
1369 3930 1484 3973 ascen-

316 4036 367 4114 4,,
378 4016 462 4083 dens
476 4018 512 4083 in
527 4019 660 4087 mundis
682 4022 763 4089 meis
784 4023 976 4091 habitabitur
1015 4024 1070 4092 Sic
1087 4025 1216 4095 locutua
1236 4029 1339 4094 almus
1354 4030 1484 4096 Baecu-

380 4164 450 4207 uart
471 4140 598 4207 ibidem
620 4167 638 4207 e
664 4164 846 4239 conspectu
865 4150 1013 4227 evanuit,
1039 4173 1105 4242 quo
1123 4148 1209 4216 sacto
1222 4150 1390 4219 Vllmlcea
1407 4177 1484 4220 cum

315 4268 366 4349 la.
379 4260 544 4358 discipulo
571 4265 613 4331 ad
639 4292 800 4336 summam
824 4268 1075 4339 admirationem
1099 4292 1212 4367 raptua
1243 4292 1300 4342 est.
1350 4276 1484 4344 Deinde

379 4390 490 4455 cuncti
515 4390 587 4457 eiua
615 4389 771 4486 discipuli
795 4393 923 4461 alocum
946 4396 1045 4462 istum
1068 4396 1190 4462 iterum
1213 4398 1402 4493 iterumque
1428 4425 1484 4469 ce.

316 4519 364 4600 43.
379 4512 490 4579 cinere
511 4512 703 4607 gaudentes,
729 4513 952 4610 dixeruntque
969 4542 1180 4612 cummopere
1197 4522 1323 4588 mirati:
1347 4523 1483 4604 Luctus,

378 4658 479 4727 quem
503 4661 640 4731 magnus
659 4658 748 4707 rates
769 4643 939 4734 quaternis
959 4640 1102 4732 pedibus
1122 4668 1262 4712 numero
1282 4644 1483 4738 syllabarum

378 4756 569 4852 aequalibus
596 4764 735 4840 cecinit,
763 4762 929 4858 frequenti
955 4767 1151 4857 repetitione
1173 4770 1208 4834 in
1227 4769 1312 4836 sloct'
1332 4791 1482 4839 naturam
