3609 5817
445 731 531 817 9¹12
777 724 865 812 Ln.
895 677 959 812 ll.n
987 715 1090 812 Car.
1115 716 1197 811 Xl.

446 945 522 1014 lavit
546 944 644 1037 igitur
668 965 805 1034 magnus
830 965 891 1009 rex
908 937 1111 1008 Caeeetdem
1133 963 1208 1008 cum
1233 936 1304 1005 leni
1327 940 1409 1022 risu,
1433 961 1549 1008 amere
1620 955 1628 974 ³

447 1087 579 1163 eaptus,
610 1067 779 1160 supposita
811 1065 958 1134 crinibus
989 1089 1089 1131 manu
1113 1063 1288 1132 sublevans
1316 1063 1412 1130 humi
1436 1064 1550 1134 iacen-

402 1193 433 1261 6.
448 1213 527 1261 tem:
562 1193 593 1260 O
625 1190 721 1258 nimis
746 1186 919 1282 proterva!
950 1190 1044 1281 quasi
1069 1213 1139 1256 non
1166 1189 1258 1254 bene
1283 1209 1421 1270 nosses,
1444 1189 1551 1256 nemi-

445 1341 525 1383 nem
547 1312 721 1382 mortalem
747 1332 780 1381 te
806 1313 887 1378 mihi
914 1314 1078 1380 cariorem
1102 1312 1226 1394 virere,
1258 1327 1400 1406 excepto
1425 1329 1550 1380 morta-

402 1437 527 1531 p.lium
559 1436 837 1530 praestantissimo
865 1435 974 1501 Rdma.
1037 1435 1103 1501 Per
1126 1433 1216 1502 hunc
1235 1434 1394 1502 invictum
1417 1459 1551 1530 magm-

444 1562 637 1652 nimumque
670 1582 833 1627 summum
854 1555 1078 1652 Raghuidem,
1099 1555 1290 1624 felicissima
1309 1557 1374 1624 vita
1400 1553 1548 1650 dignum,

444 1683 586 1752 obscero
617 1700 666 1764 te,
701 1680 819 1765 ellare,
856 1681 1026 1776 quodnam
1051 1697 1200 1774 optatum
1223 1681 1259 1746 in
1279 1679 1390 1748 animo
1414 1679 1548 1750 lrabeat.

402 1806 432 1874 8.
447 1806 547 1874 Cuius
581 1803 743 1898 adspectu
774 1806 875 1874 orbus
910 1829 972 1898 ego
1002 1803 1157 1897 profecto
1186 1827 1230 1870 ne
1257 1803 1377 1872 horam
1411 1799 1549 1898 quidem

445 1931 555 1997 vivere
592 1953 748 2022 possum,
780 1954 846 2022 per
876 1931 968 1997 hune
997 1929 1149 2009 balmam,
1186 1927 1331 2011 caecat,
1360 1927 1424 1994 tibi
1455 1927 1547 2010 inre,

403 2077 434 2140 9.
447 2051 572 2123 dietum
606 2071 698 2120 tuum
728 2053 916 2147 perlectum
946 2055 998 2121 iri.
1059 2051 1126 2122 Vel
1150 2053 1215 2121 hoe
1240 2053 1351 2146 ipsum
1375 2073 1448 2136 cor,
1473 2073 1547 2120 cara

446 2178 586 2259 coniux,
612 2179 639 2242 si
664 2176 839 2271 placuerit,
865 2204 884 2245 a
908 2202 963 2245 me
990 2201 1158 2271 exposcas.
1208 2177 1301 2246 Haec
1325 2173 1547 2269 perspiciens,

388 2327 433 2371 ιο.
446 2300 579 2381 Caecet',
606 2299 696 2368 dicas
721 2298 883 2394 quiequid
905 2297 1064 2394 placitum
1084 2298 1193 2366 fucrit
1252 2300 1420 2384 Quatenus
1444 2293 1548 2364 sacul-

446 2442 546 2492 tatem
571 2426 606 2492 in
630 2449 685 2492 me
709 2423 819 2504 vides,
851 2421 1004 2490 dubitare
1038 2446 1106 2490 non
1130 2437 1164 2488 te
1189 2419 1307 2507 deeet3
1338 2417 1547 2515 gratificabat

388 2573 433 2620 ιι.
447 2546 521 2614 tibi:
554 2547 628 2614 iuro
664 2572 729 2640 per
752 2548 899 2640 praemia
921 2547 985 2639 piis
1011 2545 1172 2637 operibus
1196 2543 1323 2611 merita.
1353 2575 1406 2590 -
1425 2539 1547 2636 Regina

446 2692 535 2749 vero,
561 2671 611 2736 rei
638 2665 802 2760 gerendae
815 2668 951 2745 intenta,
976 2663 1027 2733 illi
1045 2664 1089 2732 ad
1110 2665 1282 2732 arbitrium
1305 2687 1404 2731 suum
1417 2683 1547 2730 accom-

446 2789 580 2858 modato
606 2789 718 2856 retulit
742 2813 824 2882 prae
848 2790 1028 2856 ambitione
1061 2814 1099 2857 ae
1124 2787 1243 2884 gaudio
1268 2783 1442 2856 infandum
1473 2781 1548 2852 effa-

389 2939 433 2983 ta.
447 2930 533 2979 tum:
559 2908 847 2998 Quemadmodum
870 2914 1018 3006 repetitis
1034 2914 1160 2981 vicibus
1175 2914 1273 2996 iuras,
1298 2912 1451 3005 mihique
1475 2933 1547 2976 mn·

448 3059 508 3101 nus
533 3032 678 3128 largiris,
703 3032 741 3100 id
767 3032 925 3102 audiunto
958 3035 1088 3126 triginta
1119 3051 1187 3102 tres
1214 3034 1302 3117 Divi,
1326 3031 1463 3100 ludram
1486 3029 1547 3099 du-

388 3170 523 3232 13.eem
552 3161 673 3247 secuti3
703 3161 815 3229 Lunus
847 3187 884 3230 ac
918 3160 996 3241 Sel,
1025 3161 1241 3254 Aetherque,
1271 3159 1346 3227 Nox
1378 3183 1418 3227 ae
1448 3157 1547 3238 Dies,

448 3281 532 3350 coeli
557 3280 686 3376 Plagae,
711 3279 869 3363 Mundus,
894 3283 978 3350 haee
1002 3283 1074 3376 ipsa
1099 3279 1217 3350 Tellus
1243 3307 1319 3352 cnm
1340 3279 1548 3350 Gandhmia

387 3413 480 3494 rdet
508 3405 639 3474 Rixaais
670 3408 729 3497 qui
759 3427 834 3468 eam
869 3408 1038 3484 invisunt,
1071 3405 1242 3497 noctivaga
1271 3403 1478 3486 Animantia,
1512 3403 1548 3470 in

448 3523 607 3595 domuum
637 3523 863 3619 penetralibus
887 3527 1045 3605 Penates,
1079 3543 1112 3592 et
1137 3549 1358 3620 quaeeunque
1379 3523 1464 3592 aliae
1488 3549 1550 3592 na-

386 3663 432 3726 15,
448 3666 539 3715 turae
575 3671 776 3740 cegaroseere
804 3669 930 3743 queunt
961 3652 1144 3719 orationem
1170 3666 1275 3716 tuam:
1308 3649 1366 3716 bie
1389 3650 1442 3716 ria·
1464 3649 1550 3716 veri-

447 3767 552 3850 dicus,
576 3769 737 3864 inclytus,
761 3774 847 3839 recti
869 3796 1006 3864 gnarus,
1030 3774 1150 3840 mentis
1175 3771 1285 3865 probe
1309 3793 1459 3866 compos,
1482 3767 1548 3840 lar·

446 3893 534 3986 gitur
555 3892 638 3959 mihi
662 3918 796 3978 munus,
819 3892 855 3960 id
881 3895 916 3959 in
940 3895 1008 3960 mei
1034 3896 1170 3988 gratiam
1190 3893 1266 3960 Divi
1291 3887 1469 3960 audiunto!
1492 3889 1551 3962 Sic

387 4020 433 4085 16.
447 4031 622 4106 postquam
654 4018 768 4111 regina
807 4015 946 4084 heroem
982 4017 1222 4083 arcitenentem
1257 4015 1478 4082 obstrinxerat
1514 4031 1548 4082 et

447 4137 719 4219 circumvenerat,
744 4135 869 4204 deinde
886 4160 1061 4203 munerum
1079 4136 1270 4230 largitorem
1290 4157 1406 4204 amore
1431 4157 1549 4204 oseae-

389 4289 433 4351 ¹7·
447 4277 555 4328 eatum
576 4259 667 4326 hisee
691 4257 817 4325 affatur:
843 4256 1054 4343 Recordare,
1078 4281 1098 4326 o
1122 4283 1194 4341 rex,
1219 4256 1303 4352 quid
1324 4256 1406 4326 olim
1429 4281 1549 4326 evene

447 4383 490 4449 rit
519 4386 554 4448 in
587 4383 649 4450 isto
688 4380 855 4450 Coclitum
887 4381 1111 4474 'l'itanumque
1142 4379 1283 4475 proelio.
1343 4378 1395 4446 lbi
1429 4403 1551 4474 parum

389 4503 558 4584 18.ahsui1‚
583 4505 664 4598 quin
688 4504 791 4572 hostis
816 4506 957 4571 animam
983 4523 1070 4572 tuam
1097 4505 1334 4596 exstingueret3
1356 4503 1552 4570 memineris

448 4647 601 4716 quoque,
641 4625 793 4708 domine,
824 4629 871 4694 ibi
907 4645 939 4694 te
968 4652 1042 4694 mea
1074 4651 1140 4720 ope
1172 4643 1402 4694 conservatum
1428 4625 1551 4710 suisae3

448 4768 653 4840 quapropter
677 4751 758 4818 milri
782 4751 927 4844 vigilanti
946 4769 1044 4846 atque
1062 4751 1224 4822 annitenti
1245 4751 1326 4820 biua
1349 4773 1490 4820 munera
1514 4767 1552 4818 tu
