3609 5817
396 716 474 796 toa
701 709 789 796 Lm.
822 705 854 795 l.
887 703 987 797 Car.
1017 706 1185 797 XXXI.

391 926 505 990 *nium
521 926 651 1015 apicem
669 929 705 989 in
724 930 847 991 vertice
869 930 1066 1019 ceteroquin
1084 950 1162 993 raso
1179 919 1384 1021 gestantis.*]
1411 923 1504 1011 ¹)—

333 1061 377 1123 17·
392 1045 439 1111 lta
458 1048 674 1141 compellatus
699 1078 716 1116 a
740 1050 878 1144 Superis
896 1052 1043 1119 Vishnus
1066 1047 1259 1144 pumilionis
1281 1050 1430 1142 speciem
1449 1051 1504 1115 in·

392 1167 480 1249 duit,
507 1190 539 1238 et
555 1171 599 1238 ad
615 1174 799 1241 Virdchani
817 1174 922 1241 hlium
936 1172 1099 1242 accedens
1108 1225 1118 1255 ,
1145 1177 1288 1267 spatium
1304 1176 1405 1243 trium
1424 1198 1503 1267 pas·

333 1289 378 1351 ¹8·
393 1319 488 1360 suum
513 1319 648 1362 suorum
673 1296 777 1388 petiit
815 1293 915 1376 Quod
941 1293 1068 1361 donum
1095 1319 1199 1387 quum
1220 1296 1414 1388 accepisset,
1439 1294 1503 1361 Vi-

393 1417 512 1499 shnus,
539 1418 644 1486 sonna
669 1420 704 1485 in
727 1422 923 1485 immensum
950 1417 1100 1496 dilatata,
1126 1418 1231 1484 tribus
1252 1417 1404 1511 passibus
1428 1418 1507 1485 toti-

395 1538 473 1609 dem
498 1542 641 1612 mundos
673 1568 868 1637 permensus
894 1562 959 1624 est,
991 1546 1064 1611 Tea
1091 1567 1254 1612 narniens
1282 1540 1361 1609 inde
1387 1540 1508 1610 dietus.

336 1681 381 1745 ¹9·
396 1659 532 1732 Scilicet
557 1689 623 1733 uno
657 1691 756 1757 passu
787 1665 942 1733 tellurem
968 1668 1155 1733 universam
1189 1666 1421 1760 exsuperavit,
1453 1689 1508 1732 se-

397 1785 508 1854 cundo
534 1807 705 1860 aeter-num
731 1790 881 1868 aethera,
909 1791 1005 1861 tertio
1033 1790 1183 1872 coelum,
1206 1807 1239 1856 et
1254 1805 1433 1885 postquam
1447 1790 1510 1856 Ti-

336 1939 382 1977 ao.
397 1928 507 1978 tanem
531 1914 630 1981 istum
654 1913 769 1984 Balem
800 1913 843 1980 ad
874 1914 971 1984 sedes
1002 1914 1123 1987 inseras
1156 1911 1356 1994 detruserat,
1387 1910 1511 1979 Indrae

398 2036 541 2130 triplicis
557 2037 674 2105 mundi
694 2039 873 2131 imperium
889 2038 1047 2118 restituit,
1074 2053 1167 2130 peste
1193 2033 1249 2101 illa
1276 2034 1394 2103 deleta.
1425 2035 1511 2104 Ere-

337 2184 383 2227 21.
400 2182 483 2240 mus,
500 2160 541 2224 ah
558 2162 619 2227 isto
642 2164 774 2253 piorum
797 2185 939 2254 operum
957 2180 1092 2229 auctore
1115 2160 1292 2241 habitatus,
1314 2185 1333 2225 a
1355 2182 1411 2226 me
1425 2183 1512 2254 quo·

402 2305 468 2374 que
480 2300 620 2375 propter
642 2281 745 2348 divini
769 2282 962 2375 pumilionis
987 2283 1228 2350 observantiam
1254 2279 1382 2351 colitur.
1412 2281 1513 2350 Hune

339 2430 387 2468 aa.
402 2429 568 2474 secessum
580 2408 750 2474 incursant
762 2406 919 2501 Gigantes
933 2432 1064 2474 sacrum
1079 2405 1290 2501 impedituri,
1315 2409 1375 2501 quii
1393 2406 1514 2473 nefarii

404 2549 502 2611 ate,
539 2532 716 2598 fortissime
744 2530 962 2610 adolescens,
1007 2548 1083 2596 sunt
1114 2530 1347 2598 interficiendi
1403 2530 1515 2600 Hodie

342 2653 389 2712 23·
404 2653 601 2721 accedemus
628 2654 671 2721 ad
702 2657 1019 2748 praestantissimum
1051 2680 1198 2721 eremum
1223 2655 1515 2737 consummatam,

406 2779 498 2844 cuius
526 2777 732 2860 dominium,
763 2782 809 2844 mi
834 2777 960 2857 filiole,
993 2777 1113 2845 eodem
1137 2781 1209 2845 iure
1234 2797 1328 2845 tuum
1353 2794 1419 2861 est,
1446 2803 1515 2872 qno

345 2902 392 2979 αξ.
406 2922 526 2962 meum.
579 2900 626 2964 lta
651 2896 780 2968 loeutus
805 2924 944 2994 magnus
967 2901 1165 2970 anachoreta
1191 2899 1372 2968 admodum
1397 2898 1514 2984 laetus,

406 3021 505 3087 Rima
529 3039 561 3086 et
586 3021 751 3089 Laxmano
778 3048 891 3091 secum
909 3022 1079 3108 deductis,
1104 3050 1252 3093 secessus
1269 3026 1321 3092 sui
1342 3024 1425 3094 fines
1442 3024 1517 3120 pla-

346 3142 394 3202 25·
409 3142 485 3211 cido
512 3143 602 3212 vultu
627 3146 769 3214 intravit
820 3147 932 3216 Eremi
968 3151 1186 3217 consummati
1210 3147 1363 3231 incolae,
1395 3147 1517 3217 eloa-

407 3270 532 3363 ginquo
558 3271 886 3364 appropinquantem
912 3274 1110 3366 conspicati,
1136 3273 1245 3338 subito
1264 3269 1414 3365 undique
1438 3294 1518 3340 evo-

347 3390 394 3451 26·
409 3392 529 3477 lantes,
555 3419 618 3487 pro
642 3420 676 3461 sc
704 3397 846 3489 quisque
872 3398 1106 3463 Visvamitram
1136 3395 1285 3465 salutare.
1335 3394 1443 3466 Simul
1468 3414 1519 3465 at-

408 3543 474 3611 que
501 3521 693 3599 intraverat,
719 3517 912 3587 obtulerunt
926 3522 956 3585 ci
977 3518 1104 3614 pedum
1130 3518 1344 3603 lavationem,
1368 3539 1519 3614 pateram

408 3642 607 3737 hospitalem
632 3666 670 3708 ae
697 3641 818 3726 sedile,
852 3645 979 3733 pariter
1005 3641 1128 3711 deinde
1155 3646 1264 3737 regios
1289 3642 1519 3712 adolescentes

348 3767 553 3860 27·lrospitio
585 3791 758 3862 excepere.
815 3765 860 3832 ht
891 3763 1104 3857 Raghuidae,
1140 3768 1283 3834 hostium
1318 3764 1519 3852 domitores,

409 3912 513 3979 quum
532 3887 771 3982 aliquantisper
790 3913 861 3952 sese
883 3904 1105 3969 recreassent,
1131 3888 1404 3957 anachoretarum
1423 3892 1520 3984 prin·

347 3996 395 4059 ²⁸·
409 4009 519 4103 cipem
535 4008 670 4078 allocuti
685 4029 774 4076 suut:
801 4005 929 4087 Hodie,
952 4003 1046 4099 quod
1060 4009 1147 4076 hene
1163 4011 1225 4078 tihi
1244 4015 1382 4098 eveniat,
1400 4038 1520 4112 magne

405 4230 684 4248 m

452 4365 485 4440 l)
507 4367 595 4440 Quae
618 4362 702 4424 noeis
724 4361 847 4439 inclusi,
875 4362 979 4420 nescio
1005 4359 1102 4435 unde,
1132 4369 1218 4422 oerto
1241 4362 1424 4441 importuno
1448 4361 1520 4422 loeo

531 4463 594 4524 hue
615 4471 687 4523 sunt
711 4462 837 4527 intrusa.
880 4460 1057 4522 deotissime
1085 4458 1167 4521 enim
1197 4460 1280 4521 inter
1300 4482 1333 4521 se
1351 4460 1524 4524 cohaerent

534 4560 655 4622 distichi
678 4564 780 4622 octavi
802 4562 869 4621 huis
893 4570 925 4622 et
949 4562 1059 4622 decimi
1079 4560 1202 4641 septimi
1225 4558 1357 4625 initium.
1393 4559 1522 4621 Retinui

534 4667 636 4718 umen
656 4680 761 4721 versus
780 4681 797 4719 a
821 4659 959 4741 Bergalis
981 4661 1093 4722 eiectos
1101 4706 1109 4735 ,
1141 4660 1213 4745 quia
1235 4681 1292 4743 per
1314 4680 1345 4721 se
1366 4660 1448 4722 lectu
1472 4657 1522 4720 di·

534 4756 586 4837 gui
606 4767 685 4817 sunt.
1073 4766 1081 4780 ‘
