3609 5817
435 725 521 811 228
714 720 803 810 Ina.
825 717 860 810 l.
887 715 990 813 Ctr.
1011 715 1247 815 LXXVII.

437 957 487 1005 tus
510 953 571 1004 cst:
598 937 709 1006 animo
740 937 914 1007 affectuum
942 938 1044 1032 pleno
1073 940 1173 1008 unice
1196 939 1232 1006 in
1265 961 1338 1006 cam
1363 937 1540 1022 inclinato,

373 1075 423 1142 26,
436 1061 524 1129 illius
550 1060 646 1130 cordi
672 1081 777 1132 toturn
800 1085 836 1130 ae
861 1060 1052 1129 tradiderat
1103 1062 1187 1131 Cara
1212 1079 1283 1130 erat
1307 1061 1375 1130 Sita
1399 1064 1539 1144 liciniae,

437 1203 551 1278 utpote
576 1185 698 1253 coniux
723 1212 741 1252 a
763 1204 857 1279 patre
881 1185 947 1279 ipsi
972 1183 1068 1270 data3
1092 1203 1161 1252 tum
1177 1185 1541 1254 ciutdcmrirtutesor-

374 1330 423 1394 ²7·
436 1330 577 1399 maeque
593 1307 793 1399 praestantia
814 1307 930 1373 caritas
954 1305 1036 1373 haec
1051 1308 1087 1371 in
1112 1307 1217 1374 maius
1241 1310 1432 1401 augebatur.
1480 1307 1541 1378 Al·

437 1447 508 1496 tcra
533 1453 573 1495 ex
597 1445 692 1520 parte
714 1429 849 1494 maritus
873 1428 909 1493 in
933 1427 1026 1495 istius
1051 1426 1154 1496 corde
1178 1431 1361 1522 geminatus
1384 1431 1541 1500 versaba-

437 1572 506 1635 tur,
532 1554 577 1620 ita
614 1569 652 1618 ut
684 1554 772 1619 intus
806 1550 1000 1620 abscondita
1034 1576 1169 1646 quoque
1207 1577 1266 1620 cor
1298 1580 1374 1622 cum
1404 1556 1539 1623 conscio

373 1686 423 1747 28.
438 1675 540 1742 corde
566 1676 833 1742 communicaret.
894 1675 1050 1765 Denique
1083 1675 1185 1766 magis
1218 1675 1391 1769 magisque
1426 1673 1539 1769 puella

437 1795 647 1874 Mitlrilcnsis,
672 1796 786 1862 Janaci
802 1794 879 1877 filia,
904 1793 1033 1861 deabus
1055 1793 1281 1886 pulcritudine
1306 1795 1539 1892 comparanda,

437 1922 531 2013 quasi
554 1944 714 2013 praesens
736 1920 899 2013 principia
924 1920 1071 1987 Fortuna
1103 1919 1186 1988 lacta
1212 1939 1269 1987 cst

373 2075 423 2140 ap,
534 2043 622 2110 Cum
639 2044 701 2109 laac
723 2056 859 2107 venusta
884 2037 1050 2131 praeclari
1068 2040 1154 2132 regis
1179 2039 1375 2106 lilialiimaa
1400 2063 1441 2106 ex
1461 2061 1541 2132 rege

437 2167 587 2257 sapiente
620 2177 799 2256 prognatus
844 2161 1011 2227 connubio
1044 2163 1192 2243 iunctus,
1218 2163 1254 2228 in
1278 2160 1436 2227 laetitiam
1460 2157 1541 2228 ellit-

437 2310 511 2364 sus,
526 2282 622 2473 *ra
653 2282 791 2351 modum
824 2281 1041 2376 splendebat,
1072 2282 1169 2350 sicuti
1198 2308 1273 2351 cum
1296 2281 1457 2350 Laxtnide
1480 2283 1540 2353 Vi-

438 2407 522 2474 slmu
591 2431 708 2474 eorum
732 2407 902 2502 prinecps.

445 2602 672 2619 Ψ--α--ι-

560 2716 604 2776 nis
624 2714 685 2776 hoc
706 2715 893 2778 vocabulum
914 2708 983 2799 ὥρα
1004 2719 1108 2802 prisco
1127 2722 1319 2783 Graecorum
1339 2741 1431 2786 more
1450 2743 1542 2786 utar·

561 2824 673 2895 patur,
695 2822 731 2874 ut
759 2815 912 2898 significet
936 2828 1035 2880 ceron
1056 2821 1128 2880 anni
1150 2831 1251 2904 pariet
1272 2821 1449 2886 nominibus
1469 2843 1543 2906 pro-

563 2911 641 2993 priis
661 2911 827 2995 insignitas.
868 2915 1021 2978 llomcrus
1046 2927 1107 2980 tres
1128 2921 1219 2982 morlo
1240 2921 1311 2982 anni
1330 2919 1424 2984 ltorat
1443 2943 1542 3004 agno.

561 3011 634 3084 scit;
656 3010 798 3094 plerique
820 3015 928 3097 populi
950 3039 1065 3078 annum
1088 3018 1117 3078 in
1146 3029 1284 3103 qttatuot·
1303 3033 1408 3103 partes
1430 3045 1543 3108 aequa·

563 3109 625 3186 let,
646 3110 849 3194 aequinoctiis
870 3123 902 3176 et
932 3118 1064 3179 solstitiis
1085 3120 1194 3194 linitas,
1215 3120 1353 3184 dividere
1374 3143 1545 3184 consueve-

563 3219 649 3272 runt.
713 3211 780 3272 latii
810 3215 979 3276 secundum
1007 3217 1084 3279 coeli
1111 3223 1156 3280 aui
1179 3229 1320 3282 naturum
1340 3243 1390 3283 scr
1412 3223 1546 3286 divertat

563 3316 757 3390 tempestates
780 3315 858 3391 (ritu)
879 3326 1054 3393 numerant,
1077 3341 1210 3400 quarum
1230 3341 1434 3404 uttaqnacqnc
1455 3321 1545 3385 liinoo

563 3429 678 3471 mensos
703 3413 922 3494 conplectitur.
964 3418 1013 3480 Dc
1034 3418 1145 3501 quibus
1166 3420 1209 3482 cl.
1230 3421 1359 3483 Cotean.
1376 3421 1417 3483 atl
1436 3423 1546 3485 Antaei

563 3507 764 3573 Tlrcsaurum.

825 3763 922 3831 Ftnts
949 3789 1036 3832 tmnt
1065 3793 1168 3836 autur.
