3609 5817
416 742 700 853 Comoommr
736 773 881 839 sonaci
912 772 999 839 cuu
1035 774 1294 842 oasamrm.
1351 758 1437 843 too

324 968 386 1034 tibi
421 990 567 1059 precor,
599 970 723 1061 optime
759 966 942 1062 princeps!
998 969 1122 1061 Optato
1156 969 1223 1036 huc
1254 967 1436 1051 advenisti,

324 1088 512 1183 Raghuide:
546 1090 657 1183 gaudii
684 1117 703 1158 a
727 1090 802 1158 filiis
835 1093 898 1159 tuia
931 1093 1050 1159 virtute
1090 1092 1230 1185 quaesiti
1267 1094 1437 1187 particeps

325 1215 396 1285 ties.
447 1215 571 1307 Optato
596 1215 664 1282 huc
687 1214 822 1283 advenit
845 1233 1001 1309 augustus
1026 1215 1242 1296 Vaaishthar,
1267 1234 1357 1284 vates
1381 1238 1496 1285 ve·to.

324 1335 508 1419 nerabilia,
550 1340 685 1406 comites
714 1339 841 1405 hahens
869 1339 1166 1432 praestantissimos
1201 1339 1439 1423 Brachmanae,

324 1463 420 1528 sicuti
447 1460 564 1529 ludras
592 1460 730 1554 Superis
755 1462 903 1555 stipatus.
930 1462 1064 1556 'Optato
1090 1460 1220 1531 devicta
1243 1480 1320 1530 aunt
1340 1488 1359 1529 a
1383 1488 1497 1542 metr.

324 1583 587 1676 impedimenta,
630 1602 663 1651 ct
696 1585 858 1652 honorata
893 1609 974 1678 gena
1010 1602 1122 1653 nostra
1153 1610 1216 1678 per
1249 1586 1437 1655 affinitatem

327 1733 403 1772 cum
428 1706 608 1798 Raghuidis
642 1709 808 1790 strenuis,
848 1709 967 1776 virtute
1001 1706 1291 1802 praecellentibus.
1355 1709 1498 1781 crura.

325 1854 427 1922 quam
456 1832 603 1923 primum
638 1829 803 1912 illuxerit,
837 1829 991 1909 domine,
1022 1830 1084 1897 tibi
1108 1829 1256 1923 placeat,
1288 1848 1366 1925 post
1387 1857 1439 1899 aa·

329 1952 491 2018 orificium
519 1971 693 2046 peractum
712 1950 762 2037 ²),
796 1951 963 2020 conficere
995 1953 1126 2045 nuptias
1151 1979 1170 2019 a
1195 1953 1322 2021 vatibus
1347 1976 1439 2021 com-

328 2077 496 2170 probatas.
557 2078 663 2145 Huius
689 2079 839 2146 oratioue
871 2078 908 2143 in
943 2095 1052 2144 vatum
1085 2093 1182 2144 coetu
1210 2074 1340 2157 audita,
1378 2084 1496 2152 reni.

326 2203 414 2268 inter
440 2199 601 2269 facundos
628 2203 777 2268 eminens
810 2200 901 2267 huuc
936 2201 971 2266 iu
1003 2198 1141 2267 modum
1166 2218 1274 2269 terrac
1298 2198 1435 2269 domino

328 2324 524 2418 respondit:
551 2326 714 2418 Acceptio
736 2351 754 2390 a
777 2322 902 2392 datoris
929 2322 1096 2392 voluntate
1117 2322 1262 2418 pendet,
1286 2324 1332 2390 ita
1357 2323 1437 2392 olim
1451 2289 1498 2409 td·

326 2444 465 2511 edoctus
497 2470 580 2517 aum.
643 2444 820 2530 Quomodo
857 2463 910 2525 tu,
947 2446 1031 2513 recti
1057 2470 1196 2539 gnarum
1229 2448 1431 2541 praecipies,

327 2572 376 2635 sic
408 2593 469 2635 nos
494 2593 567 2635 rem
591 2594 800 2663 peragemus.
856 2567 981 2636 Audita
1011 2570 1073 2637 viri
1104 2569 1245 2637 veridici
1275 2570 1436 2638 sententia
1450 2578 1498 2646 ις.

327 2692 509 2757 rectissima
539 2694 673 2787 ipsique
706 2693 916 2776 honorifica,
953 2692 1163 2763 Vidthomm
1199 2695 1360 2788 princepe
1394 2691 1438 2760 ad

328 2838 491 2880 summam
516 2813 769 2882 admirationem
799 2839 979 2884 conversus
1002 2832 1062 2885 est,
1125 2812 1258 2881 Deinde
1287 2830 1355 2881 tota
1380 2811 1439 2881 Sa·
1452 2822 1496 2887 16.

327 2939 480 3029 pientum
513 2937 652 3018 cohors,
694 2955 837 3032 propter
869 2957 1022 3007 mutuum
1058 2960 1272 3032 congressum
1311 2937 1438 3030 ingenti

328 3056 449 3150 gaudio
474 3056 607 3140 affecta,
638 3083 702 3151 per
726 3078 859 3127 noctem
883 3057 1059 3127 commode
1083 3062 1269 3153 quiescere.
1318 3060 1363 3127 At
1387 3061 1438 3126 in·
1452 3088 1499 3151 ¹7·

328 3179 434 3273 clytus
459 3181 575 3247 tttmas
606 3206 682 3247 cum
713 3183 900 3264 Larmano,
941 3183 1138 3250 Viavimitra
1168 3180 1273 3264 duce,
1309 3200 1440 3275 patrem

329 3302 410 3371 adiit
435 3304 573 3396 eiusque
596 3303 700 3398 pedes
722 3303 893 3398 amplexus
922 3323 982 3375 est.
1032 3306 1121 3371 Tum
1146 3329 1222 3388 rex,
1256 3303 1356 3371 rebus
1381 3310 1500 3396 gorii·

327 3427 386 3493 atis
412 3427 584 3519 utriusque
610 3428 679 3495 nati
705 3428 900 3521 compertis,
928 3424 1109 3495 admodum
1134 3426 1239 3496 laetus
1264 3425 1309 3496 ad
1331 3426 1440 3494 hono·

333 3652 556 3662 ——000—
579 3654 667 3663 --0

392 3793 422 3867 2)
445 3792 523 3854 Satis
545 3802 689 3855 accurrate
711 3794 872 3854 observatu
900 3801 946 3855 eat
966 3793 1115 3876 temporis
1137 3793 1235 3867 ratio,
1266 3792 1328 3854 imo
1348 3812 1441 3853 accu-

458 3896 553 3953 ratius
576 3917 670 3977 quam
699 3917 717 3953 a
738 3896 829 3975 poeta
851 3894 1018 3975 exspectari
1039 3901 1178 3976 poterat.
1225 3891 1443 3954 Declaravcrat

452 3994 578 4052 Janacua
600 3994 804 4055 Visvimitrae
828 3992 1025 4068 adventanti,
1058 3993 1116 4053 eibi
1149 3990 1315 4054 duodecim
1335 3990 1442 4052 diebus

455 4113 532 4173 opus
555 4094 622 4153 sore
652 4091 691 4152 ad
714 4114 799 4153 soem
822 4092 1023 4175 perficienda.
1067 4093 1141 4174 Cup.
1166 4094 1208 4167 L,
1234 4091 1282 4160 15.
1323 4088 1443 4153 Eodem

457 4192 506 4253 die
531 4202 700 4254 narrantur
716 4192 919 4255 Viavimitrac
949 4213 995 4253 ros
1017 4200 1128 4274 gestae.
1178 4191 1332 4252 Postridie
1352 4189 1442 4252 buius

457 4289 516 4353 diei
540 4291 729 4376 diffringitur
760 4315 859 4356 arem.
912 4293 1021 4355 Tertio
1047 4290 1098 4355 die
1128 4315 1146 4353 a
1172 4290 1291 4353 Mithiia
1313 4289 1443 4374 protici-

456 4401 584 4454 acuutur
605 4395 709 4454 Janaci
737 4391 851 4475 legati,
887 4393 942 4477 qui
970 4392 1068 4453 tribua
1099 4391 1240 4453 noctibus
1269 4390 1302 4450 in
1331 4389 1442 4452 itinero

454 4495 642 4576 consumptis
665 4499 742 4575 (cap.
760 4495 903 4569 vaut,
929 4492 967 4569 1.)
998 4500 1126 4575 postero
1155 4511 1243 4551 mane
1262 4486 1442 4573 Ayddhyam

460 4593 584 4653 intrant.
618 4593 771 4657 Postridie
793 4594 857 4675 ipae
871 4591 1053 4654 Dasarathas
1077 4591 1137 4652 iter
1157 4591 1306 4673 ingressui
1327 4597 1441 4675 quarto

458 4691 522 4769 die,
554 4694 607 4777 qui
630 4702 675 4756 eet
696 4692 872 4757 undecimus
895 4716 914 4755 a
932 4692 1141 4757 Visvimitrae
1161 4688 1314 4769 adventu,
1347 4690 1439 4753 Jona-

459 4816 529 4859 cum
547 4796 619 4861 adit.
