<?xml version="1.0" encoding="UTF-8"?>
<!DOCTYPE html PUBLIC "-//W3C//DTD XHTML 1.0 Transitional//EN"
    "http://www.w3.org/TR/xhtml1/DTD/xhtml1-transitional.dtd">
<html xmlns="http://www.w3.org/1999/xhtml" xml:lang="en" lang="en">
 <head>
  <title>
</title>
<meta http-equiv="Content-Type" content="text/html;charset=utf-8" />
  <meta name='ocr-system' content='tesseract 3.04.00' />
  <meta name='ocr-capabilities' content='ocr_page ocr_carea ocr_par ocr_line ocrx_word'/>
</head>
<body>
  <div class='ocr_page' id='page_1' title='image "./ramayanaidestca00vlgoog_0304.png"; bbox 0 0 3609 5817; ppageno 0'>
   <div class='ocr_carea' id='block_1_1' title="bbox 440 745 1311 849">
    <p class='ocr_par' dir='ltr' id='par_1_1' title="bbox 440 745 1311 849">
     <span class='ocr_line' id='line_1_1' title="bbox 440 745 1311 849; baseline -0.008 0"><span class='ocrx_word' id='word_1_1' title='bbox 440 767 526 849; x_wconf 65' lang='lat'><strong>290</strong></span> <span class='ocrx_word' id='word_1_2' title='bbox 774 753 865 842; x_wconf 85' lang='lat' dir='ltr'><strong>Lra.</strong></span> <span class='ocrx_word' id='word_1_3' title='bbox 896 748 956 840; x_wconf 85' lang='grc' dir='ltr'><strong>ΙΙ.</strong></span> <span class='ocrx_word' id='word_1_4' title='bbox 986 745 1088 840; x_wconf 81' lang='lat' dir='ltr'><strong>Car.</strong></span> <span class='ocrx_word' id='word_1_5' title='bbox 1108 749 1211 844; x_wconf 89' lang='lat' dir='ltr'><strong>XV.</strong></span> <span class='ocrx_word' id='word_1_6' title='bbox 1304 789 1311 812; x_wconf 74' lang='lat'><strong><em>¹</em></strong></span> 
     </span>
    </p>
   </div>
   <div class='ocr_carea' id='block_1_2' title="bbox 380 967 1553 3773">
    <p class='ocr_par' dir='ltr' id='par_1_2' title="bbox 380 967 1553 3773">
     <span class='ocr_line' id='line_1_2' title="bbox 441 967 1551 1062; baseline -0.004 -22"><span class='ocrx_word' id='word_1_7' title='bbox 441 973 570 1041; x_wconf 89' lang='lat' dir='ltr'><strong>bellurn</strong></span> <span class='ocrx_word' id='word_1_8' title='bbox 597 970 787 1050; x_wconf 87' lang='lat' dir='ltr'><strong>candidum,</strong></span> <span class='ocrx_word' id='word_1_9' title='bbox 813 973 901 1062; x_wconf 76' lang='lat' dir='ltr'><strong>ragis</strong></span> <span class='ocrx_word' id='word_1_10' title='bbox 928 969 1027 1036; x_wconf 89' lang='lat' dir='ltr'><strong>lunae</strong></span> <span class='ocrx_word' id='word_1_11' title='bbox 1052 969 1153 1036; x_wconf 88' lang='lat' dir='ltr'><strong>radiis</strong></span> <span class='ocrx_word' id='word_1_12' title='bbox 1175 967 1295 1050; x_wconf 88' lang='lat' dir='ltr'><strong>simile,</strong></span> <span class='ocrx_word' id='word_1_13' title='bbox 1320 971 1414 1034; x_wconf 85' lang='lat' dir='ltr'><strong>cirea</strong></span> <span class='ocrx_word' id='word_1_14' title='bbox 1433 993 1551 1036; x_wconf 74' lang='lat' dir='ltr'><strong>nimau·</strong></span> 
     </span>
     <span class='ocr_line' id='line_1_3' title="bbox 384 1090 1553 1192; baseline -0.002 -27"><span class='ocrx_word' id='word_1_15' title='bbox 384 1099 553 1169; x_wconf 66' lang='lat' dir='ltr'><strong>inbrium</strong></span> <span class='ocrx_word' id='word_1_16' title='bbox 588 1099 727 1192; x_wconf 78' lang='lat' dir='ltr'><strong>gemmis</strong></span> <span class='ocrx_word' id='word_1_17' title='bbox 753 1114 924 1178; x_wconf 74' lang='lat' dir='ltr'><strong>ornatum,</strong></span> <span class='ocrx_word' id='word_1_18' title='bbox 958 1097 994 1160; x_wconf 89' lang='lat' dir='ltr'><strong>in</strong></span> <span class='ocrx_word' id='word_1_19' title='bbox 1019 1111 1179 1187; x_wconf 87' lang='lat' dir='ltr'><strong>promptu</strong></span> <span class='ocrx_word' id='word_1_20' title='bbox 1205 1090 1387 1160; x_wconf 88' lang='lat' dir='ltr'><strong>candidum</strong></span> <span class='ocrx_word' id='word_1_21' title='bbox 1418 1095 1553 1162; x_wconf 88' lang='lat' dir='ltr'><strong>umbra·</strong></span> 
     </span>
     <span class='ocr_line' id='line_1_4' title="bbox 448 1213 1552 1310; baseline -0.002 -22"><span class='ocrx_word' id='word_1_22' title='bbox 448 1221 570 1302; x_wconf 89' lang='lat' dir='ltr'><strong>culum,</strong></span> <span class='ocrx_word' id='word_1_23' title='bbox 596 1219 693 1287; x_wconf 89' lang='lat' dir='ltr'><strong>lunae</strong></span> <span class='ocrx_word' id='word_1_24' title='bbox 717 1220 807 1286; x_wconf 90' lang='lat' dir='ltr'><strong>orbis</strong></span> <span class='ocrx_word' id='word_1_25' title='bbox 830 1221 935 1285; x_wconf 89' lang='lat' dir='ltr'><strong>instar</strong></span> <span class='ocrx_word' id='word_1_26' title='bbox 952 1215 1172 1310; x_wconf 78' lang='lat' dir='ltr'><strong>splendorem</strong></span> <span class='ocrx_word' id='word_1_27' title='bbox 1194 1213 1352 1298; x_wconf 82' lang='lat' dir='ltr'><strong>fundens,</strong></span> <span class='ocrx_word' id='word_1_28' title='bbox 1379 1241 1552 1286; x_wconf 83' lang='lat' dir='ltr'><strong>consecra-</strong></span> 
     </span>
     <span class='ocr_line' id='line_1_5' title="bbox 384 1339 1551 1434; baseline -0.003 -21"><span class='ocrx_word' id='word_1_29' title='bbox 384 1373 430 1413; x_wconf 80' lang='lat' dir='ltr'><strong>ra.</strong></span> <span class='ocrx_word' id='word_1_30' title='bbox 445 1346 546 1412; x_wconf 91' lang='lat' dir='ltr'><strong>tionis</strong></span> <span class='ocrx_word' id='word_1_31' title='bbox 584 1366 744 1434; x_wconf 82' lang='lat' dir='ltr'><strong>pompam</strong></span> <span class='ocrx_word' id='word_1_32' title='bbox 780 1340 906 1407; x_wconf 90' lang='lat' dir='ltr'><strong>ducere</strong></span> <span class='ocrx_word' id='word_1_33' title='bbox 942 1340 1093 1425; x_wconf 82' lang='lat' dir='ltr'><strong>solitum3</strong></span> <span class='ocrx_word' id='word_1_34' title='bbox 1126 1342 1161 1405; x_wconf 92' lang='lat' dir='ltr'><strong>in</strong></span> <span class='ocrx_word' id='word_1_35' title='bbox 1198 1357 1357 1433; x_wconf 92' lang='lat' dir='ltr'><strong>promptu</strong></span> <span class='ocrx_word' id='word_1_36' title='bbox 1391 1339 1551 1410; x_wconf 82' lang='lat' dir='ltr'><strong>candidus</strong></span> 
     </span>
     <span class='ocr_line' id='line_1_6' title="bbox 444 1462 1551 1558; baseline 0 -26"><span class='ocrx_word' id='word_1_37' title='bbox 444 1485 575 1547; x_wconf 89' lang='lat' dir='ltr'><strong>taurus,</strong></span> <span class='ocrx_word' id='word_1_38' title='bbox 612 1463 841 1556; x_wconf 78' lang='lat' dir='ltr'><strong>candidasque</strong></span> <span class='ocrx_word' id='word_1_39' title='bbox 873 1487 979 1556; x_wconf 84' lang='lat' dir='ltr'><strong>equus</strong></span> <span class='ocrx_word' id='word_1_40' title='bbox 1014 1462 1225 1556; x_wconf 68' lang='lat' dir='ltr'><strong>phaleratus,</strong></span> <span class='ocrx_word' id='word_1_41' title='bbox 1258 1479 1378 1530; x_wconf 85' lang='lat' dir='ltr'><strong>cuneta</strong></span> <span class='ocrx_word' id='word_1_42' title='bbox 1417 1489 1551 1558; x_wconf 85' lang='lat' dir='ltr'><strong>quoquc</strong></span> 
     </span>
     <span class='ocr_line' id='line_1_7' title="bbox 386 1583 1552 1682; baseline -0.004 -23"><span class='ocrx_word' id='word_1_43' title='bbox 386 1597 430 1659; x_wconf 71' lang='grc' dir='ltr'><strong>ιδ.</strong></span> <span class='ocrx_word' id='word_1_44' title='bbox 444 1614 566 1682; x_wconf 85' lang='lat' dir='ltr'><strong>organa</strong></span> <span class='ocrx_word' id='word_1_45' title='bbox 591 1587 733 1668; x_wconf 90' lang='lat' dir='ltr'><strong>musica,</strong></span> <span class='ocrx_word' id='word_1_46' title='bbox 760 1588 932 1679; x_wconf 87' lang='lat' dir='ltr'><strong>ceterique</strong></span> <span class='ocrx_word' id='word_1_47' title='bbox 956 1610 1152 1680; x_wconf 81' lang='lat' dir='ltr'><strong>praecones.</strong></span> <span class='ocrx_word' id='word_1_48' title='bbox 1203 1583 1496 1670; x_wconf 78' lang='lat' dir='ltr'><strong>Quemadmodum</strong></span> <span class='ocrx_word' id='word_1_49' title='bbox 1518 1587 1552 1654; x_wconf 89' lang='lat' dir='ltr'><strong>iu</strong></span> 
     </span>
     <span class='ocr_line' id='line_1_8' title="bbox 443 1708 1550 1802; baseline -0.002 -24"><span class='ocrx_word' id='word_1_50' title='bbox 443 1709 696 1778; x_wconf 76' lang='lat' dir='ltr'><strong>lxraeuidarum</strong></span> <span class='ocrx_word' id='word_1_51' title='bbox 720 1733 823 1802; x_wconf 74' lang='lat' dir='ltr'><strong>regno</strong></span> <span class='ocrx_word' id='word_1_52' title='bbox 843 1710 1000 1802; x_wconf 88' lang='lat' dir='ltr'><strong>apparari</strong></span> <span class='ocrx_word' id='word_1_53' title='bbox 1015 1708 1146 1777; x_wconf 79' lang='lat' dir='ltr'><strong>solebat</strong></span> <span class='ocrx_word' id='word_1_54' title='bbox 1163 1709 1384 1790; x_wconf 89' lang='lat' dir='ltr'><strong>consecratio,</strong></span> <span class='ocrx_word' id='word_1_55' title='bbox 1408 1709 1455 1776; x_wconf 77' lang='lat' dir='ltr'><strong>iu</strong></span> <span class='ocrx_word' id='word_1_56' title='bbox 1471 1733 1550 1802; x_wconf 81' lang='lat' dir='ltr'><strong>gen-</strong></span> 
     </span>
     <span class='ocr_line' id='line_1_9' title="bbox 444 1828 1552 1929; baseline -0.002 -27"><span class='ocrx_word' id='word_1_57' title='bbox 444 1836 538 1904; x_wconf 83' lang='lat' dir='ltr'><strong>tilitia</strong></span> <span class='ocrx_word' id='word_1_58' title='bbox 564 1859 717 1929; x_wconf 87' lang='lat' dir='ltr'><strong>quaeque</strong></span> <span class='ocrx_word' id='word_1_59' title='bbox 744 1847 999 1925; x_wconf 80' lang='lat' dir='ltr'><strong>assumpserant,</strong></span> <span class='ocrx_word' id='word_1_60' title='bbox 1027 1850 1061 1898; x_wconf 92' lang='lat' dir='ltr'><strong>et</strong></span> <span class='ocrx_word' id='word_1_61' title='bbox 1084 1830 1247 1924; x_wconf 80' lang='lat' dir='ltr'><strong>quicquid</strong></span> <span class='ocrx_word' id='word_1_62' title='bbox 1272 1828 1366 1898; x_wconf 88' lang='lat' dir='ltr'><strong>aliud</strong></span> <span class='ocrx_word' id='word_1_63' title='bbox 1386 1829 1470 1898; x_wconf 81' lang='lat' dir='ltr'><strong>addi</strong></span> <span class='ocrx_word' id='word_1_64' title='bbox 1492 1855 1552 1926; x_wconf 87' lang='lat' dir='ltr'><strong>po-</strong></span> 
     </span>
     <span class='ocr_line' id='line_1_10' title="bbox 384 1951 1551 2050; baseline -0.004 -25"><span class='ocrx_word' id='word_1_65' title='bbox 384 1953 430 2032; x_wconf 71' lang='lat'><strong>¹4.</strong></span> <span class='ocrx_word' id='word_1_66' title='bbox 445 1978 535 2027; x_wconf 86' lang='lat' dir='ltr'><strong>terat</strong></span> <span class='ocrx_word' id='word_1_67' title='bbox 587 1959 629 2025; x_wconf 90' lang='lat' dir='ltr'><strong>lli</strong></span> <span class='ocrx_word' id='word_1_68' title='bbox 654 1959 743 2049; x_wconf 82' lang='lat' dir='ltr'><strong>regis</strong></span> <span class='ocrx_word' id='word_1_69' title='bbox 768 1957 856 2022; x_wconf 90' lang='lat' dir='ltr'><strong>iussu</strong></span> <span class='ocrx_word' id='word_1_70' title='bbox 881 1956 929 2020; x_wconf 91' lang='lat' dir='ltr'><strong>ibi</strong></span> <span class='ocrx_word' id='word_1_71' title='bbox 956 1955 1135 2050; x_wconf 83' lang='lat' dir='ltr'><strong>congressi,</strong></span> <span class='ocrx_word' id='word_1_72' title='bbox 1161 1955 1334 2022; x_wconf 87' lang='lat' dir='ltr'><strong>dominum</strong></span> <span class='ocrx_word' id='word_1_73' title='bbox 1346 1977 1420 2022; x_wconf 85' lang='lat' dir='ltr'><strong>non</strong></span> <span class='ocrx_word' id='word_1_74' title='bbox 1438 1951 1551 2022; x_wconf 84' lang='lat' dir='ltr'><strong>riden-</strong></span> 
     </span>
     <span class='ocr_line' id='line_1_11' title="bbox 444 2074 1552 2172; baseline -0.002 -25"><span class='ocrx_word' id='word_1_75' title='bbox 444 2099 503 2162; x_wconf 89' lang='lat' dir='ltr'><strong>tes,</strong></span> <span class='ocrx_word' id='word_1_76' title='bbox 527 2083 617 2148; x_wconf 87' lang='lat' dir='ltr'><strong>inter</strong></span> <span class='ocrx_word' id='word_1_77' title='bbox 638 2104 674 2146; x_wconf 93' lang='lat' dir='ltr'><strong>se</strong></span> <span class='ocrx_word' id='word_1_78' title='bbox 703 2103 884 2171; x_wconf 86' lang='lat' dir='ltr'><strong>quaerere:</strong></span> <span class='ocrx_word' id='word_1_79' title='bbox 912 2080 1071 2162; x_wconf 85' lang='lat' dir='ltr'><strong>Quisnam</strong></span> <span class='ocrx_word' id='word_1_80' title='bbox 1096 2076 1199 2158; x_wconf 85' lang='lat' dir='ltr'><strong>adest,</strong></span> <span class='ocrx_word' id='word_1_81' title='bbox 1226 2079 1286 2171; x_wconf 89' lang='lat' dir='ltr'><strong>qui</strong></span> <span class='ocrx_word' id='word_1_82' title='bbox 1309 2077 1383 2172; x_wconf 82' lang='lat' dir='ltr'><strong>regi</strong></span> <span class='ocrx_word' id='word_1_83' title='bbox 1408 2101 1471 2145; x_wconf 86' lang='lat' dir='ltr'><strong>nos</strong></span> <span class='ocrx_word' id='word_1_84' title='bbox 1496 2074 1552 2145; x_wconf 78' lang='lat' dir='ltr'><strong>ad-</strong></span> 
     </span>
     <span class='ocr_line' id='line_1_12' title="bbox 384 2199 1552 2296; baseline 0.003 -30"><span class='ocrx_word' id='word_1_85' title='bbox 384 2203 430 2269; x_wconf 81' lang='lat'><strong>15.</strong></span> <span class='ocrx_word' id='word_1_86' title='bbox 443 2206 572 2271; x_wconf 83' lang='lat' dir='ltr'><strong>reuissc</strong></span> <span class='ocrx_word' id='word_1_87' title='bbox 611 2203 717 2296; x_wconf 84' lang='lat' dir='ltr'><strong>possit</strong></span> <span class='ocrx_word' id='word_1_88' title='bbox 750 2203 925 2270; x_wconf 77' lang='lat' dir='ltr'><strong>nuntiare?</strong></span> <span class='ocrx_word' id='word_1_89' title='bbox 959 2203 1094 2269; x_wconf 83' lang='lat' dir='ltr'><strong>Etenim</strong></span> <span class='ocrx_word' id='word_1_90' title='bbox 1125 2226 1240 2294; x_wconf 85' lang='lat' dir='ltr'><strong>regem</strong></span> <span class='ocrx_word' id='word_1_91' title='bbox 1273 2224 1345 2269; x_wconf 88' lang='lat' dir='ltr'><strong>non</strong></span> <span class='ocrx_word' id='word_1_92' title='bbox 1381 2199 1552 2284; x_wconf 87' lang='lat' dir='ltr'><strong>ridemus,</strong></span> 
     </span>
     <span class='ocr_line' id='line_1_13' title="bbox 443 2324 1552 2421; baseline 0 -27"><span class='ocrx_word' id='word_1_93' title='bbox 443 2327 562 2421; x_wconf 82' lang='lat' dir='ltr'><strong>solque</strong></span> <span class='ocrx_word' id='word_1_94' title='bbox 590 2328 657 2392; x_wconf 87' lang='lat' dir='ltr'><strong>iam</strong></span> <span class='ocrx_word' id='word_1_95' title='bbox 682 2345 773 2393; x_wconf 82' lang='lat' dir='ltr'><strong>onus</strong></span> <span class='ocrx_word' id='word_1_96' title='bbox 806 2344 874 2406; x_wconf 90' lang='lat' dir='ltr'><strong>est,</strong></span> <span class='ocrx_word' id='word_1_97' title='bbox 909 2343 943 2393; x_wconf 91' lang='lat' dir='ltr'><strong>et</strong></span> <span class='ocrx_word' id='word_1_98' title='bbox 960 2343 1094 2419; x_wconf 89' lang='lat' dir='ltr'><strong>praesto</strong></span> <span class='ocrx_word' id='word_1_99' title='bbox 1120 2324 1164 2392; x_wconf 91' lang='lat' dir='ltr'><strong>ad</strong></span> <span class='ocrx_word' id='word_1_100' title='bbox 1189 2327 1322 2418; x_wconf 86' lang='lat' dir='ltr'><strong>imperii</strong></span> <span class='ocrx_word' id='word_1_101' title='bbox 1351 2327 1552 2394; x_wconf 84' lang='lat' dir='ltr'><strong>consortium</strong></span> 
     </span>
     <span class='ocr_line' id='line_1_14' title="bbox 385 2446 1551 2544; baseline 0.003 -30"><span class='ocrx_word' id='word_1_102' title='bbox 385 2453 429 2515; x_wconf 79' lang='lat'><strong>10.</strong></span> <span class='ocrx_word' id='word_1_103' title='bbox 443 2450 618 2544; x_wconf 85' lang='lat' dir='ltr'><strong>prudentis</strong></span> <span class='ocrx_word' id='word_1_104' title='bbox 643 2450 765 2515; x_wconf 73' lang='lat' dir='ltr'><strong>balmae</strong></span> <span class='ocrx_word' id='word_1_105' title='bbox 793 2453 1008 2518; x_wconf 89' lang='lat' dir='ltr'><strong>consecratio.</strong></span> <span class='ocrx_word' id='word_1_106' title='bbox 1060 2452 1126 2534; x_wconf 89' lang='lat' dir='ltr'><strong>Qui</strong></span> <span class='ocrx_word' id='word_1_107' title='bbox 1152 2446 1231 2515; x_wconf 92' lang='lat' dir='ltr'><strong>dum</strong></span> <span class='ocrx_word' id='word_1_108' title='bbox 1257 2446 1315 2514; x_wconf 86' lang='lat' dir='ltr'><strong>tali</strong></span> <span class='ocrx_word' id='word_1_109' title='bbox 1337 2447 1444 2518; x_wconf 91' lang='lat' dir='ltr'><strong>modo</strong></span> <span class='ocrx_word' id='word_1_110' title='bbox 1469 2449 1551 2518; x_wconf 84' lang='lat' dir='ltr'><strong>iuter</strong></span> 
     </span>
     <span class='ocr_line' id='line_1_15' title="bbox 443 2571 1549 2667; baseline -0.002 -27"><span class='ocrx_word' id='word_1_111' title='bbox 443 2599 478 2640; x_wconf 91' lang='lat' dir='ltr'><strong>se</strong></span> <span class='ocrx_word' id='word_1_112' title='bbox 511 2572 810 2667; x_wconf 87' lang='lat' dir='ltr'><strong>colloquebantur,</strong></span> <span class='ocrx_word' id='word_1_113' title='bbox 846 2573 1060 2654; x_wconf 88' lang='lat' dir='ltr'><strong>Sumantras,</strong></span> <span class='ocrx_word' id='word_1_114' title='bbox 1089 2573 1250 2666; x_wconf 87' lang='lat' dir='ltr'><strong>probatus</strong></span> <span class='ocrx_word' id='word_1_115' title='bbox 1281 2571 1355 2666; x_wconf 78' lang='lat' dir='ltr'><strong>regi</strong></span> <span class='ocrx_word' id='word_1_116' title='bbox 1391 2573 1549 2654; x_wconf 85' lang='lat' dir='ltr'><strong>minister,</strong></span> 
     </span>
     <span class='ocr_line' id='line_1_16' title="bbox 385 2692 1549 2790; baseline 0.007 -36"><span class='ocrx_word' id='word_1_117' title='bbox 385 2716 430 2776; x_wconf 85' lang='lat'><strong>¹7·</strong></span> <span class='ocrx_word' id='word_1_118' title='bbox 445 2719 545 2785; x_wconf 82' lang='lat' dir='ltr'><strong>reges</strong></span> <span class='ocrx_word' id='word_1_119' title='bbox 571 2721 590 2758; x_wconf 93' lang='lat' dir='ltr'><strong>a</strong></span> <span class='ocrx_word' id='word_1_120' title='bbox 623 2693 760 2760; x_wconf 84' lang='lat' dir='ltr'><strong>dirersis</strong></span> <span class='ocrx_word' id='word_1_121' title='bbox 787 2697 883 2761; x_wconf 90' lang='lat' dir='ltr'><strong>terris</strong></span> <span class='ocrx_word' id='word_1_122' title='bbox 912 2719 1078 2761; x_wconf 88' lang='lat' dir='ltr'><strong>conrcnas</strong></span> <span class='ocrx_word' id='word_1_123' title='bbox 1109 2692 1201 2759; x_wconf 88' lang='lat' dir='ltr'><strong>hisce</strong></span> <span class='ocrx_word' id='word_1_124' title='bbox 1231 2693 1368 2763; x_wconf 77' lang='lat' dir='ltr'><strong>affatur:</strong></span> <span class='ocrx_word' id='word_1_125' title='bbox 1403 2695 1476 2790; x_wconf 76' lang='lat' dir='ltr'><strong>Ego</strong></span> <span class='ocrx_word' id='word_1_126' title='bbox 1511 2719 1549 2762; x_wconf 77' lang='lat' dir='ltr'><strong>ex</strong></span> 
     </span>
     <span class='ocr_line' id='line_1_17' title="bbox 443 2812 1548 2912; baseline 0.005 -34"><span class='ocrx_word' id='word_1_127' title='bbox 443 2815 532 2905; x_wconf 82' lang='lat' dir='ltr'><strong>regis</strong></span> <span class='ocrx_word' id='word_1_128' title='bbox 566 2812 721 2880; x_wconf 88' lang='lat' dir='ltr'><strong>mandato</strong></span> <span class='ocrx_word' id='word_1_129' title='bbox 757 2813 949 2882; x_wconf 84' lang='lat' dir='ltr'><strong>festinanter</strong></span> <span class='ocrx_word' id='word_1_130' title='bbox 982 2815 1026 2882; x_wconf 93' lang='lat' dir='ltr'><strong>ad</strong></span> <span class='ocrx_word' id='word_1_131' title='bbox 1050 2818 1185 2884; x_wconf 67' lang='lat' dir='ltr'><strong>licinium</strong></span> <span class='ocrx_word' id='word_1_132' title='bbox 1210 2841 1329 2912; x_wconf 77' lang='lat' dir='ltr'><strong>pergo.</strong></span> <span class='ocrx_word' id='word_1_133' title='bbox 1379 2817 1468 2900; x_wconf 87' lang='lat' dir='ltr'><strong>Vos,</strong></span> <span class='ocrx_word' id='word_1_134' title='bbox 1491 2815 1548 2886; x_wconf 76' lang='lat' dir='ltr'><strong>siri</strong></span> 
     </span>
     <span class='ocr_line' id='line_1_18' title="bbox 443 2938 1548 3032; baseline 0.005 -29"><span class='ocrx_word' id='word_1_135' title='bbox 443 2938 677 3017; x_wconf 87' lang='lat' dir='ltr'><strong>honestissimi,</strong></span> <span class='ocrx_word' id='word_1_136' title='bbox 702 2962 720 3002; x_wconf 91' lang='lat' dir='ltr'><strong>a</strong></span> <span class='ocrx_word' id='word_1_137' title='bbox 742 2961 820 3029; x_wconf 80' lang='lat' dir='ltr'><strong>rege</strong></span> <span class='ocrx_word' id='word_1_138' title='bbox 844 2957 877 3006; x_wconf 90' lang='lat' dir='ltr'><strong>et</strong></span> <span class='ocrx_word' id='word_1_139' title='bbox 900 2942 1098 3032; x_wconf 87' lang='lat' dir='ltr'><strong>praesertim</strong></span> <span class='ocrx_word' id='word_1_140' title='bbox 1121 2966 1139 3006; x_wconf 93' lang='lat' dir='ltr'><strong>a</strong></span> <span class='ocrx_word' id='word_1_141' title='bbox 1164 2941 1263 3007; x_wconf 76' lang='lat' dir='ltr'><strong>Palma</strong></span> <span class='ocrx_word' id='word_1_142' title='bbox 1288 2939 1475 3008; x_wconf 85' lang='lat' dir='ltr'><strong>honorifice</strong></span> <span class='ocrx_word' id='word_1_143' title='bbox 1493 2941 1548 3008; x_wconf 82' lang='lat' dir='ltr'><strong>lra-</strong></span> 
     </span>
     <span class='ocr_line' id='line_1_19' title="bbox 385 3053 1547 3154; baseline 0.003 -28"><span class='ocrx_word' id='word_1_144' title='bbox 385 3053 429 3116; x_wconf 81' lang='lat'><strong>18·</strong></span> <span class='ocrx_word' id='word_1_145' title='bbox 443 3059 547 3126; x_wconf 84' lang='lat' dir='ltr'><strong>bandi</strong></span> <span class='ocrx_word' id='word_1_146' title='bbox 587 3061 673 3126; x_wconf 88' lang='lat' dir='ltr'><strong>estis.</strong></span> <span class='ocrx_word' id='word_1_147' title='bbox 735 3062 846 3144; x_wconf 87' lang='lat' dir='ltr'><strong>Quare</strong></span> <span class='ocrx_word' id='word_1_148' title='bbox 887 3059 1047 3154; x_wconf 87' lang='lat' dir='ltr'><strong>equidem</strong></span> <span class='ocrx_word' id='word_1_149' title='bbox 1081 3061 1230 3131; x_wconf 87' lang='lat' dir='ltr'><strong>libenter</strong></span> <span class='ocrx_word' id='word_1_150' title='bbox 1267 3065 1386 3132; x_wconf 83' lang='lat' dir='ltr'><strong>restris</strong></span> <span class='ocrx_word' id='word_1_151' title='bbox 1424 3063 1547 3144; x_wconf 83' lang='lat' dir='ltr'><strong>verbis,</strong></span> 
     </span>
     <span class='ocr_line' id='line_1_20' title="bbox 445 3180 1548 3280; baseline 0.004 -32"><span class='ocrx_word' id='word_1_152' title='bbox 445 3207 528 3274; x_wconf 89' lang='lat' dir='ltr'><strong>quos</strong></span> <span class='ocrx_word' id='word_1_153' title='bbox 565 3181 670 3249; x_wconf 85' lang='lat' dir='ltr'><strong>salros</strong></span> <span class='ocrx_word' id='word_1_154' title='bbox 707 3180 802 3262; x_wconf 79' lang='lat' dir='ltr'><strong>solo,</strong></span> <span class='ocrx_word' id='word_1_155' title='bbox 838 3208 879 3249; x_wconf 85' lang='lat' dir='ltr'><strong>ex</strong></span> <span class='ocrx_word' id='word_1_156' title='bbox 914 3208 994 3276; x_wconf 82' lang='lat' dir='ltr'><strong>rege</strong></span> <span class='ocrx_word' id='word_1_157' title='bbox 1024 3185 1089 3249; x_wconf 87' lang='lat' dir='ltr'><strong>iarn</strong></span> <span class='ocrx_word' id='word_1_158' title='bbox 1122 3185 1358 3280; x_wconf 82' lang='lat' dir='ltr'><strong>expergefacto</strong></span> <span class='ocrx_word' id='word_1_159' title='bbox 1396 3211 1548 3280; x_wconf 85' lang='lat' dir='ltr'><strong>quaeram</strong></span> 
     </span>
     <span class='ocr_line' id='line_1_21' title="bbox 385 3305 1547 3385; baseline 0.002 -13"><span class='ocrx_word' id='word_1_160' title='bbox 385 3323 429 3385; x_wconf 77' lang='lat'><strong>¹9·</strong></span> <span class='ocrx_word' id='word_1_161' title='bbox 444 3331 592 3372; x_wconf 84' lang='lat' dir='ltr'><strong>caussam</strong></span> <span class='ocrx_word' id='word_1_162' title='bbox 614 3305 706 3372; x_wconf 87' lang='lat' dir='ltr'><strong>dilati</strong></span> <span class='ocrx_word' id='word_1_163' title='bbox 734 3305 902 3372; x_wconf 85' lang='lat' dir='ltr'><strong>adrentus.</strong></span> <span class='ocrx_word' id='word_1_164' title='bbox 954 3305 1011 3374; x_wconf 86' lang='lat' dir='ltr'><strong>Sic</strong></span> <span class='ocrx_word' id='word_1_165' title='bbox 1036 3305 1119 3374; x_wconf 87' lang='lat' dir='ltr'><strong>satus</strong></span> <span class='ocrx_word' id='word_1_166' title='bbox 1145 3308 1194 3375; x_wconf 83' lang='lat' dir='ltr'><strong>rir</strong></span> <span class='ocrx_word' id='word_1_167' title='bbox 1219 3308 1341 3374; x_wconf 86' lang='lat' dir='ltr'><strong>veteris</strong></span> <span class='ocrx_word' id='word_1_168' title='bbox 1366 3308 1547 3375; x_wconf 80' lang='lat' dir='ltr'><strong>memoriae</strong></span> 
     </span>
     <span class='ocr_line' id='line_1_22' title="bbox 443 3429 1547 3526; baseline 0.003 -33"><span class='ocrx_word' id='word_1_169' title='bbox 443 3456 563 3522; x_wconf 77' lang='lat' dir='ltr'><strong>grumas</strong></span> <span class='ocrx_word' id='word_1_170' title='bbox 595 3429 638 3496; x_wconf 91' lang='lat' dir='ltr'><strong>ad</strong></span> <span class='ocrx_word' id='word_1_171' title='bbox 670 3431 781 3524; x_wconf 83' lang='lat' dir='ltr'><strong>regiae</strong></span> <span class='ocrx_word' id='word_1_172' title='bbox 820 3449 952 3523; x_wconf 86' lang='lat' dir='ltr'><strong>portam</strong></span> <span class='ocrx_word' id='word_1_173' title='bbox 987 3433 1143 3512; x_wconf 88' lang='lat' dir='ltr'><strong>accessit,</strong></span> <span class='ocrx_word' id='word_1_174' title='bbox 1181 3433 1381 3526; x_wconf 74' lang='lat' dir='ltr'><strong>intravitque</strong></span> <span class='ocrx_word' id='word_1_175' title='bbox 1416 3429 1547 3498; x_wconf 89' lang='lat' dir='ltr'><strong>domum</strong></span> 
     </span>
     <span class='ocr_line' id='line_1_23' title="bbox 380 3554 1546 3649; baseline 0.007 -35"><span class='ocrx_word' id='word_1_176' title='bbox 380 3575 614 3646; x_wconf 82' lang='lat' dir='ltr'><strong>ao.nurrquam</strong></span> <span class='ocrx_word' id='word_1_177' title='bbox 652 3554 717 3647; x_wconf 88' lang='lat' dir='ltr'><strong>ipsi</strong></span> <span class='ocrx_word' id='word_1_178' title='bbox 759 3554 970 3620; x_wconf 84' lang='lat' dir='ltr'><strong>inaccessam.</strong></span> <span class='ocrx_word' id='word_1_179' title='bbox 1039 3554 1170 3622; x_wconf 87' lang='lat' dir='ltr'><strong>Limine</strong></span> <span class='ocrx_word' id='word_1_180' title='bbox 1205 3573 1361 3649; x_wconf 88' lang='lat' dir='ltr'><strong>superato</strong></span> <span class='ocrx_word' id='word_1_181' title='bbox 1402 3556 1546 3624; x_wconf 87' lang='lat' dir='ltr'><strong>constitit</strong></span> 
     </span>
     <span class='ocr_line' id='line_1_24' title="bbox 444 3674 1547 3773; baseline 0.006 -34"><span class='ocrx_word' id='word_1_182' title='bbox 444 3677 530 3740; x_wconf 69' lang='lat' dir='ltr'><strong>iusta</strong></span> <span class='ocrx_word' id='word_1_183' title='bbox 557 3675 710 3742; x_wconf 80' lang='lat' dir='ltr'><strong>anrlaeurn</strong></span> <span class='ocrx_word' id='word_1_184' title='bbox 736 3674 892 3756; x_wconf 87' lang='lat' dir='ltr'><strong>cubiculi,</strong></span> <span class='ocrx_word' id='word_1_185' title='bbox 918 3701 956 3744; x_wconf 90' lang='lat' dir='ltr'><strong>ae</strong></span> <span class='ocrx_word' id='word_1_186' title='bbox 982 3695 1055 3744; x_wconf 84' lang='lat' dir='ltr'><strong>rota</strong></span> <span class='ocrx_word' id='word_1_187' title='bbox 1078 3676 1267 3745; x_wconf 81' lang='lat' dir='ltr'><strong>felicissima</strong></span> <span class='ocrx_word' id='word_1_188' title='bbox 1293 3679 1466 3773; x_wconf 85' lang='lat' dir='ltr'><strong>prolatus,</strong></span> <span class='ocrx_word' id='word_1_189' title='bbox 1487 3677 1547 3746; x_wconf 82' lang='lat' dir='ltr'><strong>alta</strong></span> 
     </span>
    </p>
   </div>
   <div class='ocr_carea' id='block_1_3' title="bbox 381 3797 1545 3890">
    <p class='ocr_par' dir='ltr' id='par_1_3' title="bbox 381 3797 1545 3890">
     <span class='ocr_line' id='line_1_25' title="bbox 381 3797 1545 3890; baseline 0.007 -26"><span class='ocrx_word' id='word_1_190' title='bbox 381 3817 429 3857; x_wconf 79' lang='lat'><strong>2¹·</strong></span> <span class='ocrx_word' id='word_1_191' title='bbox 443 3827 525 3866; x_wconf 84' lang='lat' dir='ltr'><strong>roec</strong></span> <span class='ocrx_word' id='word_1_192' title='bbox 545 3800 759 3866; x_wconf 83' lang='lat' dir='ltr'><strong>eorrsulutarit</strong></span> <span class='ocrx_word' id='word_1_193' title='bbox 774 3797 989 3890; x_wconf 73' lang='lat' dir='ltr'><strong>Raglruidear.</strong></span> <span class='ocrx_word' id='word_1_194' title='bbox 1027 3803 1117 3882; x_wconf 89' lang='lat' dir='ltr'><strong>Tibi,</strong></span> <span class='ocrx_word' id='word_1_195' title='bbox 1143 3827 1163 3870; x_wconf 93' lang='lat' dir='ltr'><strong>o</strong></span> <span class='ocrx_word' id='word_1_196' title='bbox 1183 3801 1411 3888; x_wconf 88' lang='lat' dir='ltr'><strong>Caeutsthide,</strong></span> <span class='ocrx_word' id='word_1_197' title='bbox 1434 3807 1545 3872; x_wconf 79' lang='lat' dir='ltr'><strong>Lurius</strong></span> 
     </span>
    </p>
   </div>
   <div class='ocr_carea' id='block_1_4' title="bbox 443 3909 1547 4024">
    <p class='ocr_par' dir='ltr' id='par_1_4' title="bbox 443 3909 1547 4024">
     <span class='ocr_line' id='line_1_26' title="bbox 443 3909 1547 4024; baseline 0.01 -38"><span class='ocrx_word' id='word_1_198' title='bbox 443 3941 541 4014; x_wconf 79' lang='lat' dir='ltr'><strong>atque</strong></span> <span class='ocrx_word' id='word_1_199' title='bbox 567 3921 645 4004; x_wconf 90' lang='lat' dir='ltr'><strong>Sol,</strong></span> <span class='ocrx_word' id='word_1_200' title='bbox 680 3923 770 3988; x_wconf 77' lang='lat' dir='ltr'><strong>Siras</strong></span> <span class='ocrx_word' id='word_1_201' title='bbox 803 3947 867 3986; x_wconf 84' lang='lat' dir='ltr'><strong>rura</strong></span> <span class='ocrx_word' id='word_1_202' title='bbox 894 3948 969 3989; x_wconf 84' lang='lat' dir='ltr'><strong>curn</strong></span> <span class='ocrx_word' id='word_1_203' title='bbox 1002 3909 1150 4007; x_wconf 78' lang='lat' dir='ltr'><strong>(lurcro,</strong></span> <span class='ocrx_word' id='word_1_204' title='bbox 1185 3927 1429 4022; x_wconf 74' lang='lat' dir='ltr'><strong>Varrrnusquc,</strong></span> <span class='ocrx_word' id='word_1_205' title='bbox 1461 3929 1547 4024; x_wconf 69' lang='lat' dir='ltr'><strong>Ignis</strong></span> 
     </span>
    </p>
   </div>
   <div class='ocr_carea' id='block_1_5' title="bbox 440 4149 781 4168">
    <p class='ocr_par' dir='ltr' id='par_1_5' title="bbox 440 4149 781 4168">
     <span class='ocr_line' id='line_1_27' title="bbox 440 4149 781 4168; baseline 0.023 -10"><span class='ocrx_word' id='word_1_206' title='bbox 440 4149 781 4168; x_wconf 44' lang='lat' dir='ltr'><strong>fi——o—-u—-q</strong></span> 
     </span>
    </p>
   </div>
   <div class='ocr_carea' id='block_1_6' title="bbox 567 4307 1552 4894">
    <p class='ocr_par' dir='ltr' id='par_1_6' title="bbox 567 4307 1552 4894">
     <span class='ocr_line' id='line_1_28' title="bbox 569 4307 1548 4374; baseline 0.008 -8"><span class='ocrx_word' id='word_1_207' title='bbox 569 4309 723 4367; x_wconf 79' lang='lat' dir='ltr'><strong>luxuriare</strong></span> <span class='ocrx_word' id='word_1_208' title='bbox 745 4307 773 4366; x_wconf 90' lang='lat' dir='ltr'><strong>in</strong></span> <span class='ocrx_word' id='word_1_209' title='bbox 795 4307 1003 4370; x_wconf 87' lang='lat' dir='ltr'><strong>describendis</strong></span> <span class='ocrx_word' id='word_1_210' title='bbox 1021 4308 1211 4371; x_wconf 80' lang='lat' dir='ltr'><strong>sallatricnrn</strong></span> <span class='ocrx_word' id='word_1_211' title='bbox 1232 4311 1402 4374; x_wconf 81' lang='lat' dir='ltr'><strong>illecebris:</strong></span> <span class='ocrx_word' id='word_1_212' title='bbox 1424 4321 1455 4374; x_wconf 86' lang='lat' dir='ltr'><strong>el</strong></span> <span class='ocrx_word' id='word_1_213' title='bbox 1478 4333 1548 4374; x_wconf 86' lang='lat' dir='ltr'><strong>cre-</strong></span> 
     </span>
     <span class='ocr_line' id='line_1_29' title="bbox 567 4407 1549 4494; baseline 0.004 -28"><span class='ocrx_word' id='word_1_214' title='bbox 567 4411 642 4470; x_wconf 81' lang='lat' dir='ltr'><strong>dere</strong></span> <span class='ocrx_word' id='word_1_215' title='bbox 672 4430 729 4488; x_wconf 89' lang='lat' dir='ltr'><strong>par</strong></span> <span class='ocrx_word' id='word_1_216' title='bbox 760 4417 814 4484; x_wconf 82' lang='lat' dir='ltr'><strong>est,</strong></span> <span class='ocrx_word' id='word_1_217' title='bbox 837 4407 1011 4471; x_wconf 88' lang='lat' dir='ltr'><strong>bierodulas</strong></span> <span class='ocrx_word' id='word_1_218' title='bbox 1033 4411 1121 4487; x_wconf 73' lang='lat' dir='ltr'><strong>istas,</strong></span> <span class='ocrx_word' id='word_1_219' title='bbox 1143 4409 1217 4472; x_wconf 81' lang='lat' dir='ltr'><strong>darm</strong></span> <span class='ocrx_word' id='word_1_220' title='bbox 1238 4413 1267 4472; x_wconf 91' lang='lat' dir='ltr'><strong>in</strong></span> <span class='ocrx_word' id='word_1_221' title='bbox 1293 4435 1403 4494; x_wconf 85' lang='lat' dir='ltr'><strong>porrrpa</strong></span> <span class='ocrx_word' id='word_1_222' title='bbox 1424 4412 1549 4494; x_wconf 86' lang='lat' dir='ltr'><strong>publiea</strong></span> 
     </span>
     <span class='ocr_line' id='line_1_30' title="bbox 567 4506 1551 4596; baseline 0.006 -30"><span class='ocrx_word' id='word_1_223' title='bbox 567 4509 679 4569; x_wconf 71' lang='lat' dir='ltr'><strong>clatros</strong></span> <span class='ocrx_word' id='word_1_224' title='bbox 705 4506 874 4584; x_wconf 86' lang='lat' dir='ltr'><strong>ducebant,</strong></span> <span class='ocrx_word' id='word_1_225' title='bbox 903 4509 1081 4570; x_wconf 82' lang='lat' dir='ltr'><strong>abstinuisse</strong></span> <span class='ocrx_word' id='word_1_226' title='bbox 1102 4533 1118 4569; x_wconf 88' lang='lat' dir='ltr'><strong>a</strong></span> <span class='ocrx_word' id='word_1_227' title='bbox 1141 4513 1274 4572; x_wconf 83' lang='lat' dir='ltr'><strong>ruatibus</strong></span> <span class='ocrx_word' id='word_1_228' title='bbox 1297 4513 1486 4596; x_wconf 79' lang='lat' dir='ltr'><strong>nutibusque</strong></span> <span class='ocrx_word' id='word_1_229' title='bbox 1508 4511 1551 4572; x_wconf 89' lang='lat' dir='ltr'><strong>lu·</strong></span> 
     </span>
     <span class='ocr_line' id='line_1_31' title="bbox 569 4609 1551 4692; baseline 0.002 -26"><span class='ocrx_word' id='word_1_230' title='bbox 569 4610 665 4678; x_wconf 72' lang='lat' dir='ltr'><strong>sciris,</strong></span> <span class='ocrx_word' id='word_1_231' title='bbox 687 4610 797 4691; x_wconf 86' lang='lat' dir='ltr'><strong>quihus</strong></span> <span class='ocrx_word' id='word_1_232' title='bbox 821 4609 900 4668; x_wconf 84' lang='lat' dir='ltr'><strong>intre</strong></span> <span class='ocrx_word' id='word_1_233' title='bbox 923 4611 1063 4690; x_wconf 82' lang='lat' dir='ltr'><strong>priralos</strong></span> <span class='ocrx_word' id='word_1_234' title='bbox 1086 4612 1218 4692; x_wconf 84' lang='lat' dir='ltr'><strong>parietes</strong></span> <span class='ocrx_word' id='word_1_235' title='bbox 1240 4617 1363 4674; x_wconf 73' lang='lat' dir='ltr'><strong>iuuenes</strong></span> <span class='ocrx_word' id='word_1_236' title='bbox 1385 4612 1423 4672; x_wconf 91' lang='lat' dir='ltr'><strong>ad</strong></span> <span class='ocrx_word' id='word_1_237' title='bbox 1445 4611 1551 4674; x_wconf 83' lang='lat' dir='ltr'><strong>lilritli.</strong></span> 
     </span>
     <span class='ocr_line' id='line_1_32' title="bbox 568 4709 1552 4796; baseline 0.01 -32"><span class='ocrx_word' id='word_1_238' title='bbox 568 4728 637 4766; x_wconf 82' lang='lat' dir='ltr'><strong>trern</strong></span> <span class='ocrx_word' id='word_1_239' title='bbox 654 4709 775 4768; x_wconf 80' lang='lat' dir='ltr'><strong>allicere</strong></span> <span class='ocrx_word' id='word_1_240' title='bbox 788 4709 937 4772; x_wconf 84' lang='lat' dir='ltr'><strong>solebant.</strong></span> <span class='ocrx_word' id='word_1_241' title='bbox 983 4709 1128 4771; x_wconf 84' lang='lat' dir='ltr'><strong>Celerum</strong></span> <span class='ocrx_word' id='word_1_242' title='bbox 1151 4713 1181 4773; x_wconf 91' lang='lat' dir='ltr'><strong>in</strong></span> <span class='ocrx_word' id='word_1_243' title='bbox 1207 4715 1271 4772; x_wconf 84' lang='lat' dir='ltr'><strong>l&#39;esli</strong></span> <span class='ocrx_word' id='word_1_244' title='bbox 1287 4723 1444 4796; x_wconf 81' lang='lat' dir='ltr'><strong>apparatu</strong></span> <span class='ocrx_word' id='word_1_245' title='bbox 1465 4723 1552 4776; x_wconf 77' lang='lat' dir='ltr'><strong>recle</strong></span> 
     </span>
     <span class='ocr_line' id='line_1_33' title="bbox 570 4809 1419 4894; baseline 0.014 -32"><span class='ocrx_word' id='word_1_246' title='bbox 570 4818 792 4868; x_wconf 77' lang='lat' dir='ltr'><strong>arn-inerantur.</strong></span> <span class='ocrx_word' id='word_1_247' title='bbox 836 4809 882 4866; x_wconf 73' lang='lat' dir='ltr'><strong>(ll&#39;.</strong></span> <span class='ocrx_word' id='word_1_248' title='bbox 906 4829 999 4890; x_wconf 80' lang='lat' dir='ltr'><strong>supra</strong></span> <span class='ocrx_word' id='word_1_249' title='bbox 1021 4811 1095 4894; x_wconf 89' lang='lat' dir='ltr'><strong>Cap.</strong></span> <span class='ocrx_word' id='word_1_250' title='bbox 1120 4813 1237 4892; x_wconf 59' lang='lat' dir='ltr'><strong>111,st</strong></span> <span class='ocrx_word' id='word_1_251' title='bbox 1261 4815 1345 4890; x_wconf 80' lang='lat' dir='ltr'><strong>xlv,</strong></span> <span class='ocrx_word' id='word_1_252' title='bbox 1367 4811 1419 4874; x_wconf 81' lang='grc'><strong>37.</strong></span> 
     </span>
    </p>
   </div>
   <div class='ocr_carea' id='block_1_7' title="bbox 0 0 1810 5817">
    <p class='ocr_par' dir='ltr' id='par_1_7' title="bbox 0 0 1810 5817">
     <span class='ocr_line' id='line_1_34' title="bbox 0 0 1810 5817; baseline 0 1"><span class='ocrx_word' id='word_1_253' title='bbox 0 0 1810 5817; x_wconf 95' lang='lat' dir='ltr'><strong> </strong></span> 
     </span>
    </p>
   </div>
  </div>
 </body>
</html>
