3609 5817
648 753 939 849 Dasaaaruaa
982 782 1130 847 senno.
1389 768 1435 847 81

330 976 435 1045 modo
464 979 602 1071 expetiti
632 1003 839 1070 provenere,
879 1005 897 1043 e
924 997 1065 1072 quatuor
1094 979 1207 1072 puetis
1240 995 1317 1043 natu
1344 980 1446 1043 maxi·
1464 1006 1506 1046 ro.

330 1123 425 1165 mum
443 1120 475 1166 et
502 1103 573 1165 iure
600 1102 765 1191 potiorem
791 1124 915 1165 summa
937 1102 1070 1165 caritate
1088 1098 1284 1191 amplector:
1311 1101 1444 1167 1111111111

333 1222 505 1288 abducere
530 1246 597 1289 non
621 1241 652 1289 te
679 1241 819 1313 oportet.
866 1220 965 1304 Quod
991 1224 1018 1286 si
1043 1224 1228 1288 necessario
1249 1224 1364 1290 Rimas
1382 1226 1443 1290 iste
1462 1254 1504 1293 11.

333 1370 428 1413 meus
446 1372 464 1411 a
484 1365 532 1424 te,
558 1346 772 1426 anachoreta,
800 1365 848 1412 cst
866 1344 1102 1425 abducendus,
1129 1346 1358 1439 proficiscatur
1375 1370 1444 1411 me-

333 1494 411 1535 cum
428 1466 542 1547 simul,
566 1470 738 1535 comitatus
755 1467 902 1536 exerchu
919 1468 1151 1563 quadrifariam
1168 1467 1356 1554 (curribus,
1378 1469 1445 1534 ele-

330 1589 494 1677 plantis,
520 1587 705 1680 equitibus,
728 1588 976 1681 peditibusque)
1002 1593 1170 1657 instructo.
1223 1591 1312 1675 Quid
1338 1590 1446 1659 valent
1461 1625 1505 1666 ta.

335 1712 461 1776 viribus
487 1713 634 1803 gigantes
660 1710 730 1776 illi?
756 1712 935 1779 Cuiusnam
959 1712 1017 1779 lilii
1040 1732 1071 1778 et
1097 1715 1231 1807 quinam
1257 1732 1332 1780 sunt
1357 1714 1443 1807 ipsi?

333 1832 426 1926 quali
453 1833 603 1899 statura?
644 1852 676 1900 et
707 1858 868 1926 quosnam
894 1835 1018 1900 babent
1044 1835 1228 1928 patronos?
1267 1835 1442 1918 Quomodo
1461 1850 1504 1910 15.

331 1954 467 2021 tandem
495 1954 561 2022 illis
594 1955 787 2024 insidiarum
820 1956 948 2023 callidis
981 1960 1094 2024 obsisti
1126 1960 1249 2051 poterit
1279 1986 1296 2025 a
1327 1961 1442 2037 Rima,

331 2100 389 2145 aut
411 2107 428 2144 a
454 2080 614 2146 militibus
635 2083 740 2160 meis,
773 2106 792 2147 o
821 2082 1046 2159 brachmana,
1078 2101 1132 2147 aut
1156 2106 1174 2145 a
1199 2102 1322 2150 memet
1346 2082 1442 2177 ipso?

330 2202 468 2295 Singula
486 2204 567 2269 milti
594 2202 743 2285 declara,
770 2206 819 2268 rir
841 2224 970 2282 sancte,
997 2223 1032 2271 ut
1051 2203 1248 2297 intelligam,
1274 2206 1442 2299 quomodo
1461 2205 1513 2285 tl».

330 2332 365 2394 in
389 2327 518 2422 proelio
539 2346 624 2394 stare
651 2330 776 2422 possim
800 2348 914 2395 contra
937 2328 1080 2396 nefarios
1106 2331 1205 2396 istos:
1232 2329 1367 2396 audacia
1392 2332 1443 2396 ni-

331 2453 455 2517 mirum
476 2454 577 2520 inllati
600 2472 676 2520 sunt
698 2456 852 2547 gigantes.
888 2456 962 2535 Quo
985 2476 1138 2520 sermone
1164 2452 1275 2519 audito
1303 2476 1443 2545 respon·
1461 2461 1504 2523 15.

332 2574 383 2640 dit
402 2576 433 2640 ci
455 2574 686 2641 Visrltnitras:
712 2577 770 2643 Est
792 2578 880 2668 gigas
907 2597 946 2640 ex
965 2575 1096 2641 Pulastii
1124 2576 1226 2671 stirpe
1251 2593 1442 2669 prognatus,

330 2698 478 2763 1111111111
504 2700 648 2763 nornine.
682 2698 755 2779 llic,
779 2719 917 2764 munere
937 2700 1173 2763 abatcuuarta
1197 2698 1261 2789 ipsi
1281 2709 1440 2765 concesso
1461 2700 1503 2765 16.

330 2822 487 2900 abutens,
516 2820 682 2913 triplicem
700 2818 858 2886 mundum
881 2821 1094 2887 vehementer
1110 2838 1218 2899 renat,
1245 2818 1370 2912 ingenti
1386 2842 1442 2886 ro·

327 2943 427 3022 bore,
453 2945 580 3036 ingenti
605 2943 759 3019 audacia,
791 2920 902 3009 multis
929 2944 1114 3037 gigantibus
1141 2944 1287 3034 stipatus.
1339 2942 1441 3008 111111-
1460 2969 1502 3030 ¹7·

328 3091 384 3133 nas
412 3085 602 3147 autem‚,o
627 3069 717 3146 lica,
757 3070 907 3133 immanis
931 3070 1098 3160 gigantum
1125 3064 1302 3142 dominus,
1338 3064 1441 3129 sertur

329 3192 511 3258 Visrarasis
544 3191 629 3257 lilius
663 3209 696 3257 et
727 3192 828 3258 frater
856 3192 988 3257 Cureri.
1050 3190 1153 3254 liuius
1186 3206 1268 3255 nutu
1297 3187 1441 3279 instigati
1458 3193 1505 3255 18.

329 3315 395 3383 duo
422 3317 569 3410 gigantes
595 3314 812 3386 validissimi.
845 3315 1014 3396 bln‘rlrhus
1044 3336 1082 3377 ac
1105 3310 1276 3387 Suillius,
1308 3331 1439 3372 sacrum

327 3464 439 3505 meum
464 3437 629 3531 impedire
655 3440 872 3505 conabuntur.
937 3437 984 3501 Ita
1011 3435 1148 3502 edoctus
1173 3432 1214 3497 ab
1240 3430 1437 3495 anachoreta
1458 3453 1501 3517 19.

326 3587 382 3629 rex
403 3566 434 3629 ei
454 3565 538 3631 haec
555 3566 704 3658 reponit:
730 3561 827 3629 Haud
850 3585 927 3627 sane
954 3585 1014 3653 ego
1040 3559 1127 3652 potis
1152 3576 1224 3623 sum
1247 3555 1280 3617 in
1308 3547 1437 3643 proelio

326 3688 489 3754 obsistere
516 3689 567 3753 isti
594 3686 745 3768 nefari03
784 3703 868 3766 tute,
908 3686 957 3749 vir
984 3699 1111 3760 sancte,
1147 3678 1320 3745 clementia
1346 3695 1438 3743 utere
1453 3700 1500 3743 20.

325 3837 404 3907 erga
431 3811 570 3879 filiolum
596 3828 764 3878 meamet
789 3834 865 3902 erga
888 3832 940 3874 me
970 3806 1157 3873 infelicem:
1181 3823 1216 3871 tu
1236 3801 1317 3866 mihi
1338 3801 1439 3864 instar

324 3936 473 4001 numinis
498 3960 533 4000 es
559 3933 778 4003 venerandus.
823 3935 915 4014 Diri,
943 3930 1132 4010 Danaidae,
1158 3925 1342 4005 Fidicines,
1371 3922 1500 3989 (ἒς-11.

327 4057 394 4130 nii.
429 4054 534 4123 blitea
560 4082 598 4123 ac
627 4056 806 4148 Serpentes
840 4077 1048 4147 nequaquam
1079 4071 1175 4143 parea
1207 4067 1283 4115 sunt
1309 4045 1437 4141 proelio

327 4197 444 4245 eontra
466 4181 625 4245 eranarn
655 4176 865 4258 sustinend03
898 4191 1021 4270 quanto
1047 4175 1154 4238 minus
1180 4171 1245 4237 hoc
1272 4171 1306 4236 in
1331 4170 1439 4237 bomi-

323 4325 386 4366 nes
413 4302 525 4368 eadit?
553 4302 649 4368 11111111
677 4301 814 4368 fortibus
835 4298 1061 4365 fortitudinem
1087 4296 1247 4387 eripuisse
1268 4292 1352 4357 sarna
1372 4309 1503 4363 tra-aa.

330 4423 435 4491 ditum
462 4428 661 4517 accepimus.
697 4421 861 4516 Equidem
884 4445 994 4514 neque
1019 4441 1093 4484 cum
1118 4422 1207 4511 ipso,
1234 4438 1343 4507 neque
1363 4433 1438 4480 caut

329 4550 399 4617 eins
424 4553 532 4644 copiis
559 4570 685 4616 certare
713 4552 799 4642 potis
825 4572 907 4613 sum.
939 4544 1039 4611 Nullo
1057 4543 1157 4611 modo
1174 4538 1311 4609 liliolum
1326 4561 1437 4606 meum
1452 4541 1500 4609 23.

329 4674 569 4743 immortalibus
603 4672 766 4749 similem,
800 4690 913 4736 tenera
939 4668 1048 4733 adhuc
1075 4684 1203 4743 aetate,
1233 4662 1438 4757 proeliorum

339 4794 472 4878 deur,
499 4822 520 4864 o
553 4798 778 4876 brachmani,
812 4797 871 4862 tibi
904 4791 1040 4859 tradam.
1092 4791 1254 4857 Nimirum
1287 4786 1352 4855 duo
1384 4788 1436 4854 isti

1217 4914 1239 4985 6
