3609 5817
385 729 470 813 258
709 717 800 806 Lm.
820 713 881 807 Il.
907 709 1010 808 Cur.
1023 711 1157 811 v111.

386 939 495 1018 mina,
521 933 667 1030 quamvis
700 937 773 1028 ipsa
803 934 903 1002 animi
936 959 1051 1030 aegra,
1084 930 1178 1028 quod
1207 929 1315 1000 dere
1344 927 1490 1000 dolenda

342 1074 372 1154 4,
387 1059 521 1155 gaudes,
546 1075 641 1126 nacta
661 1082 792 1152 gravem
809 1055 936 1125 hancce
953 1079 1151 1124 aerumnam.
1176 1052 1288 1122 Doleo
1302 1051 1489 1122 socordiam

387 1201 484 1250 tuam.
511 1182 679 1265 Quaenam
693 1177 813 1244 semina
827 1174 977 1270 prudens
992 1174 1175 1270 gratuletur
1189 1175 1254 1244 sibi
1265 1177 1488 1270 principatum

385 1303 511 1371 inimici
538 1327 579 1369 ex
604 1300 667 1367 alia
695 1301 760 1368 tori
788 1298 911 1392 regalis
938 1316 1091 1368 consorte
1120 1299 1288 1394 generati,
1309 1299 1416 1392 pestis
1438 1299 1489 1368 in-

342 1433 371 1500 5.
385 1443 451 1492 star
477 1424 714 1518 ingruentem?
744 1423 941 1508 ABharata,
962 1424 1096 1518 imperii
1119 1421 1260 1506 aemulo,
1272 1423 1397 1491 Bimae
1419 1447 1490 1494 ιιιο-

384 1567 436 1616 tus
468 1547 639 1634 obiicitur;
671 1545 708 1614 id
740 1566 898 1641 reputans
928 1547 1057 1615 turbata
1091 1571 1180 1614 sum:
1218 1546 1342 1614 etenim
1365 1563 1488 1616 metum

338 1676 370 1742 6.
383 1687 510 1738 struere
534 1668 630 1752 solet,
653 1672 711 1763 qui
733 1672 805 1764 ipse
821 1671 951 1748 metuit
999 1669 1184 1736 Larmanus
1201 1669 1390 1738 arcitenens
1415 1671 1488 1764 qui-

383 1791 462 1862 dem
488 1810 593 1863 totum
613 1817 649 1861 se
674 1796 795 1862 Palmae
821 1791 972 1877 tradidit3
1000 1789 1202 1886 Satruglmas
1225 1791 1342 1861 itidem
1363 1793 1487 1874 Biran-

340 1941 369 2003 7.
383 1933 450 1995 tac,
471 1915 615 2010 perinde
638 1941 676 1985 ac
699 1917 884 1984 Larmanus
907 1913 1149 1982 Cacutsthidac.
1200 1918 1311 2000 Quum
1334 1915 1487 1984 Blraratas

380 2040 454 2107 iure
476 2064 535 2108 suo
561 2041 694 2134 potiore
717 2043 889 2135 proximus
911 2041 954 2107 sit
983 2038 1027 2106 ad
1057 2040 1304 2107 successionem
1337 2039 1486 2134 imperii,

381 2183 401 2228 o
434 2161 578 2230 formosa
616 2165 758 2244 iuvenis,
801 2182 893 2230 certe
939 2161 1143 2230 succedendi
1179 2186 1256 2256 spes
1292 2162 1396 2258 longe
1433 2187 1486 2232 re·

335 2291 365 2358 8.
381 2302 470 2354 mota
496 2306 590 2356 esta
614 2287 744 2357 duobus
770 2290 839 2356 istis
864 2289 1049 2356 iunioribus
1079 2283 1117 2380 ¹)
1166 2288 1326 2356 Versatus
1352 2305 1405 2356 est
1426 2285 1486 2354 Bi·

377 2435 447 2476 mas
472 2411 508 2477 in
530 2407 657 2479 ordinis
690 2411 841 2479 militaris
867 2412 1014 2494 artibus,
1039 2408 1201 2504 prudens,
1225 2433 1340 2477 rerum
1365 2433 1485 2504 geren-

380 2532 500 2601 darum
523 2550 660 2629 potens:
694 2536 785 2603 cuius
812 2536 930 2603 timore
964 2536 1196 2614 contremisco,
1221 2531 1359 2627 quando
1383 2533 1484 2600 filium

335 2681 366 2743 9.
380 2673 472 2721 tuum
497 2654 669 2724 recordor.
721 2656 873 2722 Gratiosa
898 2655 1053 2748 prosectu
1090 2673 1141 2722 est
1166 2653 1334 2736 Causalia,
1358 2655 1484 2750 qnippe

380 2778 471 2844 cuius
496 2776 583 2844 filius
609 2779 750 2845 crastino
783 2776 838 2842 dic
859 2777 982 2842 Puslrio
1008 2803 1028 2842 a
1063 2777 1304 2845 Brachmauum
1329 2777 1483 2872 primori-

319 2899 441 2968 rnhus
467 2895 511 2964 ad
535 2919 691 2990 magnum
716 2897 850 2989 imperii
877 2897 1081 2963 consortium
1107 2899 1367 2967 consecrabitur.
1417 2899 1483 2966 lam

377 3040 411 3088 tu
437 3019 553 3088 colens
578 3016 778 3098 Causaliam,
808 3016 1059 3111 opulentissima
1089 3020 1220 3088 fortuna
1252 3022 1404 3114 potitam,
1427 3045 1482 3088 cx·

378 3143 504 3212 stinctis
537 3141 677 3210 inimicis
703 3167 873 3222 securam,
908 3159 1065 3235 tanquam
1093 3144 1215 3210 famula
1238 3143 1401 3240 supplicis
1424 3145 1481 3212 lm-

318 3266 449 3335 rabin
487 3269 519 3336 ei
550 3265 714 3351 adstabis3
747 3268 944 3361 pariterque
972 3284 1009 3334 tu
1041 3268 1216 3336 nobiseum
1244 3271 1339 3338 istius
1363 3267 1480 3338 lamule

418 3634 444 3710 1)
468 3630 659 3714 intelligendi
680 3642 751 3694 sunt
770 3632 958 3696 Sumitridae
981 3635 1112 3716 gemelli,
1132 3638 1300 3701 Larmanus
1320 3649 1353 3701 ct
1372 3639 1481 3702 Satn!-

496 3730 600 3813 glrnas.
621 3731 661 3791 lli
678 3732 803 3814 quidem
826 3754 860 3793 rc
883 3755 956 3796 vcra
977 3735 1134 3817 aliquanto
1153 3741 1283 3800 maiorcs
1304 3747 1380 3800 aratu
1393 3747 1480 3802 erent

495 3830 636 3907 Bharata,
657 3853 720 3914 quo
743 3834 773 3892 in
793 3833 904 3894 ordine
925 3835 1072 3896 natalium
1093 3837 1213 3898 codices
1232 3839 1390 3922 Beugalici
1410 3861 1482 3902 cum

493 3939 776 3992 commentatorum
790 3931 925 3995 lectione
940 3937 1129 4018 conspirant.
1143 3939 1200 4018 (cf.
1213 3940 1246 4004 L.
1259 3941 1283 4016 l,
1297 3959 1326 4005 c.
1342 3941 1429 4018 xlx,
1438 3939 1481 4018 8.)

495 4030 697 4093 Nihilominus
709 4031 855 4094 Bharatas
871 4034 980 4115 potior
995 4047 1063 4097 crat
1084 4036 1161 4114 iure,
1184 4045 1216 4098 et
1232 4039 1393 4120 proximus
1410 4045 1481 4122 post

493 4130 621 4190 uanam
640 4131 763 4214 imperii
784 4131 881 4198 heres.
909 4135 1031 4196 Etenim
1048 4138 1245 4214 Sumitridac,
1268 4147 1422 4222 quantum
1441 4137 1482 4200 ed

494 4237 633 4307 matrem,
646 4253 753 4313 parem
768 4233 961 4296 nobilitatem
974 4236 1102 4318 gloriari
1119 4259 1181 4298 non
1196 4247 1357 4320 poteraut.
1379 4237 1482 4301 Sumi-

495 4337 542 4389 tra
575 4353 592 4390 a
615 4332 769 4393 nonnullis
801 4332 938 4395 traditur
964 4345 1083 4418 patrem
1103 4337 1188 4400 tertii
1210 4337 1328 4400 ordinis
1349 4339 1481 4420 (mim)

491 4427 641 4490 habuisse.
695 4431 819 4514 Bcngali
853 4435 885 4494 in
916 4457 969 4496 sua
995 4437 1137 4498 carminis
1172 4437 1353 4500 recensione
1386 4439 1482 4500 titiam

491 4529 669 4611 adoptivam
687 4531 864 4610 i'ainrudcvi,
883 4535 1091 4598 Braclunauac
1118 4538 1237 4621 saepius
1260 4537 1391 4618 laudati,
1412 4559 1482 4600 cum

492 4630 617 4690 faciunt.
663 4633 694 4691 lu
719 4646 998 4698 commentatorum
1019 4638 1170 4701 Itiure'idc
1195 4637 1375 4701 haedere
1402 4637 1480 4700 nillil

492 4725 603 4791 diserte
624 4732 805 4800 assirruutur.
