3609 5817
319 781 324 792 ·
450 758 533 843 tte
749 747 840 838 Lta.
876 744 912 836 1.
943 740 1045 837 Cla.
1074 742 1241 841 XLVI.

391 973 436 1053 ι4.
448 967 648 1037 castimoniis
673 964 857 1062 peragendi
878 965 960 1033 mihi
977 982 1109 1033 restant.
1159 966 1249 1032 Bene
1276 963 1337 1031 tibi
1363 962 1420 1031 sit!
1469 961 1552 1033 Mox

446 1090 583 1159 fratrem
608 1089 818 1183 conspicies,
844 1113 947 1184 quem
965 1112 1027 1183 ego
1052 1085 1281 1157 commoditui
1303 1087 1416 1181 gratia
1437 1083 1552 1168 filiole,

444 1211 603 1279 victoriae
633 1210 845 1280 ambitiosum
882 1209 1013 1278 fovebo.
1072 1208 1150 1278 Tali
1173 1208 1242 1278 filio
1275 1233 1353 1279 meo
1377 1208 1553 1303 tergemini

443 1330 562 1399 mundi
588 1332 714 1401 victore
739 1348 776 1400 tu
795 1355 930 1399 mecum
955 1328 1135 1425 gaudebis,
1160 1332 1233 1426 ipse
1248 1354 1410 1399 curarum
1431 1329 1553 1397 immu-

389 1459 505 1533 15,nis.
562 1456 594 1523 Α
625 1474 721 1548 patre
760 1472 818 1522 tuo
849 1456 1058 1547 magnanimo
1094 1454 1254 1548 precibus
1284 1451 1460 1521 sollicitato
1485 1451 1554 1520 hoc

446 1578 572 1648 donum
593 1579 676 1646 mihi
699 1577 762 1647 fuit
784 1602 997 1662 concessum,
1028 1596 1067 1646 ut
1089 1597 1168 1672 post
1190 1575 1282 1646 mille
1307 1599 1412 1645 annot
1436 1574 1554 1671 expli·

389 1712 426 1774 16
445 1720 495 1770 tos
519 1701 626 1769 filium
648 1727 813 1795 parerem.
839 1701 931 1770 llaec
953 1700 1051 1769 effata
1078 1699 1168 1783 diva,
1194 1699 1267 1769 sole
1290 1703 1380 1770 eirca
1402 1700 1577 1770 mollium-

444 1823 575 1891 coelum
603 1841 773 1907 versante,
812 1846 930 1893 somno
964 1824 1103 1917 abrepta
1133 1841 1199 1904 eat,
1231 1839 1332 1916 atque
1357 1824 1447 1893 inter
1470 1823 1574 1893 ‹lot--

387 1947 614 2043 rpmiendum
638 1947 744 2042 pedes
768 1948 957 2015 instatione
971 1947 1087 2040 capitis
1103 1946 1224 2039 posuit.
1250 1946 1358 2031 Quam
1382 1970 1489 2042 quum
1505 1949 1551 2016 ita
1573 1995 1576 2000 -

440 2072 604 2164 pollutam
628 2069 758 2139 videret
776 2068 915 2153 Indraa,
949 2069 1094 2164 pedibus
1118 2072 1157 2137 in
1191 2072 1308 2165 capitis
1332 2071 1473 2139 statione
1489 2092 1554 2165 po·

441 2195 512 2263 aitis
535 2192 674 2287 capillos
702 2194 964 2286 contingentem,
992 2194 1158 2261 inrisum
1182 2191 1406 2287 gaudiumque
1432 2190 1552 2260 ellum

385 2320 500 2391 18.aat
551 2319 739 2385 Peneuaait
759 2320 872 2412 itaque
894 2318 1029 2384 urbium
1050 2315 1194 2401 eversor,
1219 2316 1366 2386 aolleatia
1390 2319 1552 2401 animem,

439 2466 505 2535 per
530 2444 681 2535 corpon's
707 2442 857 2510 foramen
877 2444 914 2509 iu
944 2443 1015 2511 eius
1040 2459 1181 2525 uterum,
1207 2441 1400 2537 loetumque
1427 2446 1550 2538 acptiea

386 2584 432 2648 ¹9
442 2560 586 2631 discidit.
628 2565 688 2631 -Aa
721 2565 828 2633 suctus
850 2562 933 2631 dum
958 2563 1140 2657 centuplici
1174 2562 1322 2632 fulminis
1346 2566 1419 2634 acie
1444 2565 1553 2637 diffin-

441 2683 602 2768 debatur,
628 2686 716 2753 clara
748 2711 830 2756 voce
855 2687 1009 2771 eiulavit,
1043 2710 1112 2781 quo
1133 2689 1220 2757 sacto
1245 2689 1331 2756 Ditis
1356 2689 1552 2785 expergefa-

384 2826 496 2880 20.cta
521 2826 578 2873 ast.
641 2807 760 2876 Indraa
791 2833 890 2892 vero,
922 2806 1002 2878 Noli
1026 2807 1165 2878 eiulare!
1197 2813 1323 2905 inquit,
1348 2813 1477 2882 foetum
1499 2816 1571 2882 in-.

444 2954 605 3023 crepans,
633 2956 672 3000 ac
709 2933 834 3000 viribus
865 2931 998 3027 pollens
1032 2936 1181 3027 quamvis
1212 2934 1389 3003 eiulantem
1422 2934 1549 3006 diffidit

385 3054 529 3120 ²¹·Ditis
545 3074 671 3138 contra,
687 3056 791 3122 Parce
818 3052 913 3123 huic!
930 3080 1051 3149 parce,
1073 3054 1231 3126 obsecro!
1254 3054 1424 3124 clamabat.
1449 3057 1549 3126 Tunc

442 3172 583 3255 ludras,
612 3173 821 3244 venerandae
844 3180 959 3247 matria
990 3202 1107 3247 vocem
1130 3176 1373 3262 reformidans,
1400 3178 1547 3264 exsiluit,

384 3318 432 3361 aa.
441 3297 672 3390 manibusque,
698 3298 820 3391 quibus
840 3297 968 3367 fialmeu
984 3302 1127 3383 tenebat,
1160 3298 1357 3399 suppliciter
1370 3302 1548 3396 protensis,

441 3424 532 3489 hunc
556 3424 592 3489 in
614 3418 754 3488 modum
773 3422 878 3488 Ditim
917 3421 1145 3516 compellavit:
1169 3422 1399 3491 Contaminata
1422 3407 1549 3560 οψ

440 3547 579 3632 mivisti‚
612 3568 632 3612 o
664 3544 768 3627 Diva,
801 3543 947 3638 pedibus
973 3545 1111 3640 capillos
1146 3548 1358 3640 contingens3
1382 3547 1472 3616 hanc
1493 3535 1549 3616 οὗ·

384 3668 611 3742 23.caeionem
633 3683 749 3732 nactus
774 3668 897 3759 septies
924 3667 1045 3735 discidi
1069 3671 1187 3751 istum,
1213 3671 1272 3763 qui
1298 3667 1420 3739 Indiae
1445 3672 1547 3738 inton-

443 3789 550 3857 sector
573 3787 702 3856 futurus
727 3805 816 3871 erat,
842 3791 935 3859 cuim
960 3790 1115 3859 facinoris
1141 3810 1174 3859 te
1201 3792 1284 3861 mihi
1311 3795 1442 3862 veniam
1465 3793 1545 3863 darc

442 3936 585 4007 aequum
610 3928 667 3979 est.
